2274 3762
1551 259 1582 291 0

1780 285 1863 327 143

198 411 268 456 Ad
298 408 501 454 vertenda
530 407 662 465 igitur
683 406 901 450 Theodori
932 406 1088 465 scripta
1120 420 1169 449 ea
1199 411 1315 449 aetas
1345 403 1527 448 maxime
1546 403 1725 462 impulit,
1758 417 1866 460 quae

82 494 272 552 tempore
311 492 409 536 inde
448 491 502 534 ab
542 505 654 533 anno
695 490 865 533 circiter
894 491 982 534 420
1017 503 1152 547 usque
1193 487 1247 530 ad
1278 487 1421 531 exiens
1453 501 1563 531 saec.
1595 486 1636 529 V
1665 486 1756 530 fere
1786 484 1866 529 cir-

84 575 391 620 cumscribitur.
452 574 558 618 Post
596 573 690 615 illos
722 572 837 615 viros
868 572 1053 630 aliquem
1085 571 1299 615 Theodori
1330 571 1623 615 translatorem
1655 569 1866 613 exstitisse

84 659 254 717 ignoro,
286 658 367 701 nisi
397 656 574 708 Marasa
613 661 655 698 et
685 655 873 698 Thomas
901 655 1159 709 Edessenus,
1192 670 1217 696 a
1248 654 1399 712 quibus
1433 669 1529 698 cum
1549 651 1867 711 Mopsuhesteni

83 740 213 784 libros
253 740 453 783 collectos
508 738 679 795 quidem
708 752 802 780 esse
835 744 995 780 certum
1027 737 1100 790 sit,
1132 752 1278 779 versos
1307 742 1450 780 tamen
1479 751 1571 779 esse
1598 750 1866 793 nequaquam

84 828 249 866 constat
260 823 307 864 ²2.
369 820 454 865 Sed
493 821 758 878 collegerunt
794 821 974 863 fortasse
1012 820 1274 877 singulorum
1306 819 1509 863 librorum
1539 818 1756 862 versiones
1786 815 1866 876 Sy-

84 905 231 949 riacas.
280 904 371 948 Eae
402 910 516 947 certe
542 903 744 954 Marassae
776 909 966 960 tempore
995 902 1055 945 ita
1086 909 1206 946 erant
1235 903 1438 956 usitatae,
1471 909 1518 945 ut
1547 902 1583 945 is
1613 902 1657 945 in
1690 901 1868 944 concilio

84 994 227 1046 posset
255 987 414 1041 iubere,
447 986 490 1029 in
523 986 786 1043 explicandis
818 985 936 1028 libris
969 986 1099 1028 sacris
1129 985 1402 1029 Theodorum
1433 985 1578 1042 utique
1608 983 1869 1042 sequendum

86 1086 178 1114 esse
191 1071 238 1112 ²³.
287 1069 470 1113 Accedit
507 1075 742 1126 praeterea,
783 1068 898 1126 quod
928 1067 1101 1111 Nestori
1139 1068 1298 1126 scripta
1336 1082 1444 1125 quae
1482 1083 1568 1110 non
1608 1067 1867 1121 interierant,

85 1153 207 1197 Pauli
238 1152 407 1196 demum
437 1158 642 1210 tempore,
675 1158 773 1195 ante
794 1152 895 1200 535,
926 1158 969 1194 et
997 1152 1051 1194 ab
1081 1151 1169 1195 eius
1201 1151 1417 1209 discipulis
1440 1151 1607 1194 Thoma
1635 1157 1677 1194 et
1697 1149 1872 1201 Marassa

86 1250 291 1279 conversa
322 1241 418 1278 sunt
431 1235 463 1260 ²4
491 1234 741 1278 Nestorium
773 1241 915 1277 autem
945 1240 1135 1292 tempore
1164 1234 1306 1292 paullo
1336 1234 1494 1277 seriore
1525 1248 1651 1292 quam
1673 1231 1868 1276 Theodo-

86 1335 178 1364 rum
210 1318 403 1372 tractari,
434 1333 511 1375 par
543 1325 644 1360 erat.

203 1401 346 1458 Itaque
378 1399 594 1443 Theodori
626 1399 843 1442 versiones
875 1399 974 1443 inde
1005 1401 1058 1443 ab
1090 1399 1222 1458 ipsius
1253 1406 1411 1454 aetate,
1454 1414 1537 1457 qua
1568 1398 1752 1442 doctoris
1782 1397 1871 1442 An:

87 1483 272 1527 tiocheni
303 1498 458 1540 magna
488 1483 532 1525 in
565 1482 728 1525 animos
760 1481 803 1523 vi
834 1488 962 1539 atque
984 1483 1233 1526 auctoritate
1254 1483 1446 1526 homines
1467 1483 1509 1525 in
1533 1482 1622 1526 eius
1643 1482 1872 1526 sententias

88 1567 372 1620 trahebantur,
404 1565 614 1624 principia
646 1580 818 1622 cepere3
848 1580 983 1622 usque
1015 1565 1068 1608 ad
1090 1566 1236 1608 exiens
1270 1566 1419 1609 deinde
1453 1566 1667 1609 saeculum
1690 1565 1730 1607 V
1752 1581 1870 1609 cura-

90 1657 156 1693 tae
187 1656 314 1708 atque
345 1650 482 1692 cultae
514 1654 613 1691 sunt
644 1664 668 1689 a
702 1647 944 1691 doctoribus
977 1648 1059 1690 illis
1091 1647 1345 1704 Edessenis,
1378 1649 1451 1707 qui
1480 1648 1650 1692 Nisibin
1678 1649 1872 1692 transmi-

91 1739 333 1791 graverunt,
366 1738 413 1775 ut
442 1747 599 1775 novam
615 1731 759 1774 Persis
790 1731 1028 1774 doctrinam
1058 1731 1363 1788 praedicarent.
1410 1731 1591 1775 Ineunte
1622 1737 1761 1775 autem
1785 1747 1873 1774 sae—

91 1817 185 1860 culo
206 1815 284 1871 VI,
318 1831 414 1859 cum
437 1815 654 1858 Theodori
688 1814 846 1871 scripta
876 1814 1034 1871 ubique
1068 1820 1208 1857 essent
1241 1814 1444 1873 dispersa,
1477 1814 1562 1858 iam
1582 1829 1668 1857 non
1688 1815 1874 1858 futurum

89 1906 191 1955 erat,
225 1915 298 1942 cur
329 1899 418 1942 eius
448 1898 546 1941 libri
580 1898 630 1940 de
662 1897 829 1954 integro
861 1903 1140 1941 verterentur.
1191 1897 1343 1954 Neque
1374 1898 1564 1955 profecto
1594 1897 1682 1940 eius
1705 1897 1766 1940 rei
1786 1911 1873 1940 me-

89 1982 222 2025 moria
253 1982 305 2024 ad
335 1987 479 2024 nostra
509 1986 701 2038 tempora
734 1980 916 2022 devenit.
971 1980 1010 2023 E
1044 1980 1195 2038 quibus
1217 1980 1412 2023 omnibus
1429 1986 1759 2023 consentaneum
1781 1979 1873 2035 erit,

90 2065 295 2124 accipere,
327 2080 379 2108 ne
401 2063 532 2106 Probi
563 2063 734 2120 quidem
767 2063 955 2106 eiusdem
978 2063 1192 2107 Theodori
1222 2063 1518 2107 translatorem
1543 2070 1723 2107 aetatem
1744 2063 1874 2106 fuisse

91 2149 258 2192 saeculo
299 2147 444 2205 quinto
484 2146 698 2188 seriorem.
763 2144 860 2197 Qua
891 2161 938 2189 re
968 2147 1172 2202 admissa,
1212 2147 1337 2190 simul
1367 2147 1576 2205 quaedam
1607 2147 1698 2190 veri
1730 2146 1874 2189 simili-

89 2232 189 2276 tudo
222 2230 410 2288 sequitur
439 2229 543 2284 eius7
576 2228 690 2286 quod
719 2229 764 2271 in
795 2230 1004 2288 principio
1038 2244 1373 2283 semoveramus,
1411 2224 1872 2286 scilieet‘Assdjeshfi‘m

89 2315 282 2359 versibus
321 2314 403 2356 illis
441 2312 657 2355 emaciatis
698 2313 824 2356 etiam
864 2314 1064 2371 aequales
1105 2313 1234 2356 fuisse
1265 2312 1423 2364 Hissam
1463 2313 1568 2370 (435
1606 2338 1665 2344 —
1707 2329 1756 2356 ca
1787 2313 1872 2358 45¹1

91 2398 218 2457 episc.
250 2397 439 2440 Edessae
452 2395 519 2452 25),
552 2395 755 2448 Probum,
786 2396 939 2452 Knnfi,
972 2397 1147 2439 innuere
1178 2397 1376 2440 voluisse.

205 2483 254 2524 B.
293 2480 387 2523 Iam
417 2494 516 2523 vero
547 2478 688 2521 missis
719 2479 797 2535 his,
832 2481 933 2538 quid
965 2496 988 2523 e
1020 2479 1224 2523 Probiani
1246 2479 1521 2523 commentari
1550 2482 1790 2538 fragmento
1822 2479 1876 2523 de

30 2615 34 2619 ,
91 2565 180 2609 eius
200 2569 337 2608 aetate
358 2562 608 2620 quibusdam
625 2560 781 2606 finibus
802 2563 1188 2607 circumscribenda
1203 2563 1427 2619 discamus,
1450 2564 1707 2622 investigare
1723 2564 1876 2621 placet.

205 2647 264 2690 Et
292 2647 474 2706 primum
505 2648 677 2706 quidem
709 2653 886 2702 constat,
918 2646 1049 2690 Probi
1082 2647 1429 2690 commentarium
1460 2663 1546 2690 non
1577 2662 1629 2689 ex
1658 2645 1874 2701 Ammoni,

23 2748 25 2750 ·
91 2731 293 2776 Hermiae
323 2730 383 2773 fili
413 2731 521 2775 libro
551 2747 723 2774 versum
745 2746 851 2773 esse.
905 2730 1019 2773 Nam
1041 2730 1206 2773 etiamsi
1228 2730 1272 2773 in
1294 2746 1344 2774 eo
1367 2731 1538 2774 crebros
1559 2731 1676 2773 locos
1699 2728 1874 2772 Ammo-

5 3030 48 3166 μή,
28 2964 33 2968 «

90 2813 227 2859 nianis
265 2813 422 2857 similes
458 2814 512 2858 ad
542 2815 723 2857 verbum
752 2815 879 2872 plane
910 2827 1135 2871 expressos
1165 2813 1345 2871 reperis,
1385 2813 1499 2856 idem
1531 2827 1760 2856 consensus
1790 2827 1876 2855 non

91 2897 230 2941 minus
266 2911 363 2940 cum
392 2896 446 2939 A.
478 2896 538 2939 M.
571 2895 766 2940 Severini
795 2896 951 2940 Boethi
988 2896 1132 2940 verbis
1171 2895 1368 2939 cernitur.
1432 2895 1558 2948 Quod
1599 2894 1875 2939 offensionem

184 3059 243 3103 22)
267 3059 392 3106 Neque
418 3061 521 3105 enim,
547 3066 588 3098 ut
611 3061 697 3098 fecit
713 3063 792 3099 Ass.
818 3062 883 3105 m,
909 3064 928 3097 1
955 3073 990 3107 p.
1016 3061 1087 3097 76⁸
1109 3060 1166 3104 (cf.
1191 3072 1226 3106 p.
1244 3059 1290 3094 75
1314 3059 1394 3096 adn.
1411 3060 1459 3102 2.)
1479 3069 1625 3095 necesse
1649 3063 1705 3096 est
1729 3059 1873 3096 conclu-

92 3129 187 3174 dere,
210 3129 412 3168 duumviros
427 3131 508 3169 illos
524 3131 751 3168 Theodorum
766 3133 914 3166 vertisse.
955 3132 1047 3167 Nam
1071 3122 1255 3186 &my->Q
1275 3123 1344 3184 jao
1381 3123 1493 3174 ’Καιρῷ
1508 3143 1580 3167 non
1595 3131 1877 3175 coniungendam

6 3216 11 3228 ¹
59 3250 61 3260 ,
92 3215 149 3249 est
175 3221 255 3248 cum
283 3212 577 3258 praecedentibus
602 3203 800 3264 ωῢ-,ῥὶρ
844 3205 948 3264 υρ,
993 3203 1201 3268 &gandi-³
1236 3214 1366 3271 ἠλὲ-,ι
1398 3212 1461 3262 29
1497 3204 1604 3270 υἱέ,
1636 3213 1770 3249 Sensus
1801 3212 1876 3248 hic:

58 3279 62 3290 ’
92 3273 148 3327 ‚In
179 3281 336 3328 regione
351 3282 630 3329 Byzantinomm
661 3283 834 3319 Thomam
861 3283 1084 3320 Edessenum
1116 3282 1281 3319 convenit
1311 3292 1331 3317 e
1364 3293 1433 3327 quo
1468 3283 1603 3319 Graece
1628 3283 1770 3327 didicit,
1798 3283 1877 3329 ipso

71 3338 248 3387 :Syriaoe,
271 3339 335 3378 illo
357 3340 493 3378 Graece
517 3341 847 3387 interpretantibus.
894 3341 1018 3378 Etiam
1042 3341 1222 3378 Theodori
1245 3341 1355 3377 libros
1378 3341 1480 3378 ambo
1505 3342 1735 3388 collegerunt.
1784 3341 1876 3378 Con-

76 3397 349 3460 ³qnntin0p01in
377 3410 528 3457 profecti
550 3413 630 3448 etc:
724 3412 785 3456 23)
821 3412 902 3449 Ass.
926 3413 990 3456 m,
1014 3414 1036 3447 1
1059 3423 1095 3458 p.
1120 3410 1178 3455 84,
1194 3412 1217 3447 3
1237 3411 1318 3448 adn.
1412 3410 1472 3456 24)
1496 3417 1631 3452 aaa:
1662 3411 1686 3447 1.
1710 3411 1734 3447 1.
1758 3422 1793 3456 p.
1818 3411 1875 3455 36,

148 3479 186 3516 ’5.
209 3479 263 3517 cf.
285 3479 404 3517 adnot.
427 3480 484 3516 21.
577 3480 637 3526 25)
660 3481 742 3518 Ass.
764 3482 783 3518 1
806 3492 840 3527 p.
864 3480 1050 3527 202405.
1074 3480 1154 3518 424.
1878 3496 1895 3523 0
