2332 3756
314 1150 515 1232 Syriacis
546 1173 791 1217 Aristotelis
823 1173 998 1232 eiusque
1030 1181 1413 1219 commentatorum
1445 1176 1714 1220 versionibus
1745 1192 1830 1220 non
1861 1178 1988 1221 modo

184 1266 460 1324 supersedere
500 1281 586 1308 non
625 1272 787 1324 potest,
831 1266 905 1309 sed
939 1266 1106 1310 initium
1140 1283 1292 1326 capere
1324 1269 1379 1312 ab
1413 1268 1472 1311 eis
1506 1268 1654 1321 debet,
1694 1268 1986 1328 cuiuscunque

181 1349 234 1392 ad
263 1349 579 1407 philosophiam
609 1348 910 1393 Semiticarum
942 1350 1162 1393 nationum
1196 1351 1541 1409 cognoscendam
1572 1351 1752 1395 interest
1781 1359 1828 1396 ut
1860 1369 1986 1411 quam

178 1431 426 1476 facillimum
473 1432 554 1476 sibi
592 1438 841 1489 rectumque
888 1432 1049 1476 aditum
1097 1440 1326 1491 comparet.
1405 1434 1519 1476 Nam
1564 1451 1659 1478 cum
1700 1435 1830 1478 totius
1875 1436 1988 1494 apud

178 1513 348 1558 Arabes
389 1514 662 1573 Iudaeosque
702 1515 996 1573 philosophiae
1044 1515 1171 1558 cardo
1212 1523 1405 1559 vertatur
1452 1517 1496 1559 in
1533 1518 1776 1561 Aristotelis
1818 1519 1987 1576 scriptis

179 1597 539 1650 commentandis,
580 1613 690 1655 quae
729 1598 946 1641 Arabibus
987 1598 1113 1641 simul
1153 1615 1250 1642 cum
1293 1601 1611 1643 commentariis
1651 1599 1751 1659 Syri
1799 1601 1986 1644 tradide-

177 1686 297 1732 runt,
338 1686 382 1723 et
418 1681 494 1723 vix
531 1681 661 1723 ullam
702 1680 946 1723 versionem
978 1680 1212 1724 Arabicam
1251 1682 1382 1724 fuisse
1423 1683 1626 1726 credibile
1670 1683 1744 1735 sit,
1785 1684 1888 1741 quin
1930 1700 1985 1727 ex

178 1763 320 1821 aliqua
361 1762 540 1821 Syriaca
586 1763 811 1821 penderet,
857 1763 941 1806 iam
981 1763 1164 1822 primum
1207 1765 1496 1821 quaerendum
1542 1774 1628 1818 est,
1678 1767 1847 1825 qualem
1887 1766 1986 1824 Syri

178 1846 422 1890 Aristotelis
454 1852 619 1889 textum
651 1845 917 1903 acceperint,
960 1847 1174 1904 quomodo
1207 1847 1442 1900 verterint,
1476 1865 1657 1907 quorum
1691 1866 1820 1908 opera
1851 1851 1986 1894 adiuti

178 1929 478 1973 intellexerint.
548 1929 693 1987 Atque
733 1945 829 1972 cum
869 1929 1160 1988 philosophari
1198 1930 1383 1974 maxime
1424 1931 1468 1974 in
1506 1933 1729 1977 notionum
1772 1950 1985 1978 consensu

178 2019 382 2071 rectaque
403 2013 588 2071 positum
619 2013 673 2055 sit
704 2012 1019 2070 intellegentia,
1051 2029 1105 2056 ne
1138 2014 1240 2056 satis
1273 2014 1442 2072 quidem
1476 2015 1727 2074 intellegere
1758 2033 1984 2076 possumus

179 2095 372 2140 Arabum
404 2095 727 2154 philosophiam,
760 2095 919 2138 nedum
953 2096 1202 2148 aestimare,
1242 2097 1323 2139 nisi
1354 2098 1472 2155 prius
1503 2101 1736 2144 verborum
1770 2101 1984 2158 significa-

179 2179 331 2231 tiones,
364 2179 512 2237 quales
547 2178 708 2222 Graeci
739 2194 819 2237 per
838 2177 973 2236 Syros
1004 2180 1310 2223 intercessores
1343 2181 1425 2225 illis
1458 2184 1747 2237 crediderunt,
1780 2201 1860 2244 per
1892 2201 1983 2228 eos-

177 2262 277 2306 dem
307 2268 568 2320 proxenetas
599 2262 913 2320 repetierimuS.
975 2263 1129 2321 Itaque
1164 2263 1198 2306 si
1231 2264 1325 2321 quis
1357 2265 1467 2309 hanc
1498 2266 1612 2310 viam
1642 2267 1864 2326 ingressus
1887 2269 1982 2321 erit,

177 2361 262 2388 non
309 2345 558 2403 pauciorum
597 2360 791 2388 errorum
842 2346 1145 2403 compendium
1184 2347 1335 2400 faciet,
1385 2363 1512 2405 quam
1555 2351 1877 2408 profundiorem
1921 2352 1983 2396 rei

178 2428 469 2486 cognitionem
508 2429 762 2471 lucrabitur:
810 2428 900 2471 sive
948 2429 1241 2486 philosophiae
1280 2430 1482 2475 historiae
1523 2449 1696 2491 operam
1746 2435 1839 2490 dat,
1890 2436 1982 2478 sive

178 2511 365 2570 quaerit,
399 2511 503 2569 quid
533 2511 814 2568 grammatica
846 2527 915 2554 ars
946 2511 1058 2569 apud
1090 2511 1257 2556 Arabes
1291 2531 1316 2557 a
1348 2513 1532 2559 Graecis
1565 2523 1756 2561 mutuata
1789 2519 1856 2572 sit,
1889 2519 1981 2562 sive

178 2594 349 2638 omnino
383 2596 696 2652 contemplatur
733 2594 841 2650 vim,
884 2611 968 2653 qua
1001 2593 1194 2639 Graecae
1234 2597 1470 2655 sapientiae
1503 2605 1668 2643 tantum
1707 2603 1860 2645 umbra
1891 2602 1980 2644 illo-

174 2692 270 2720 rum
299 2677 421 2721 rudia
452 2677 667 2735 quondam
698 2684 826 2736 atque
858 2678 1018 2721 inculta
1049 2678 1223 2736 ingenia
1244 2680 1298 2723 ad
1319 2681 1463 2724 literas
1486 2684 1745 2728 excolendas
1768 2685 1979 2728 allexerit.

181 2757 451 2818 Quamquam
490 2767 632 2804 autem
664 2760 870 2819 Syriacae
911 2761 1203 2819 philosophiae
1235 2764 1538 2808 tractationem
1570 2768 1747 2810 multum
1783 2770 1980 2811 conferre

179 2841 266 2885 seio
289 2848 332 2885 et
361 2843 414 2886 ad
445 2843 577 2901 ipsius
609 2844 755 2902 populi
777 2851 822 2887 et
842 2844 895 2888 ad
916 2844 1144 2888 Persarum
1169 2848 1519 2904 cognoscendum
1541 2851 1701 2893 cultum
1722 2866 1979 2909 omnemque

177 2922 497 2977 humanitatem,
529 2927 611 2969 hoc
632 2933 795 2979 tacens,
826 2927 932 2970 illud
953 2929 1052 2970 nolo
1074 2929 1417 2986 praetermittere
1441 2933 1789 2987 emolumentum,
1815 2935 1930 2994 quod
1952 2950 1975 2977 e

178 3005 422 3050 versionum
463 3008 643 3052 scientia
680 3010 893 3054 referatur
931 3010 987 3054 ad
1025 3011 1163 3068 ipsum
1195 3011 1491 3057 Aristotelem.
1551 3015 1624 3060 Ad
1663 3018 1782 3077 cuius
1814 3024 1978 3062 textum

177 3087 487 3133 restituendum
526 3091 563 3133 si
599 3091 702 3149 quid
743 3093 915 3136 omnino
955 3094 1072 3136 valet
1113 3093 1306 3138 codicum
1346 3098 1599 3151 auctoritas,
1642 3101 1866 3144 versiones
1896 3100 1978 3158 Sy·

175 3170 319 3214 riacae
350 3171 626 3229 antiquiores,
657 3174 885 3218 dummodo
906 3191 1051 3219 earum
1073 3177 1199 3219 lectio
1233 3177 1287 3220 sit
1319 3184 1444 3222 caute
1477 3186 1522 3223 et
1546 3183 1783 3227 secundum
1814 3190 1977 3228 certam

175 3253 386 3297 rationem
414 3254 651 3312 recognita,
682 3256 794 3301 inter
822 3258 983 3316 primos
1015 3265 1143 3302 erunt
1173 3266 1381 3305 auctores.

323 3335 407 3379 His
446 3334 579 3393 igitur
614 3338 744 3382 rebus
784 3341 1038 3399 perspectis,
1076 3335 1187 3396 nonJ
1204 3341 1352 3385 inutile
1383 3358 1511 3401 agere
1542 3344 1770 3402 putabam,
1810 3343 1844 3386 si
1885 3342 1975 3387 eius

177 3417 306 3463 studii
337 3416 453 3476 quod
482 3418 537 3461 ad
566 3419 785 3465 versiones
814 3422 911 3466 libri
932 3422 1175 3467 Aristotelis
1205 3423 1258 3467 de
1278 3423 1631 3484 interpretatione
1653 3424 1975 3483 pertractandas

178 3501 465 3564 conferebam,
496 3500 580 3545 hoc
610 3501 780 3547 ederem
809 3503 1040 3562 specimen.
1094 3505 1221 3558 Quod
1253 3507 1353 3551 dum
1383 3507 1511 3560 facio,
1543 3507 1629 3552 iam
1648 3507 1833 3566 primum
1853 3522 1975 3566 prae·
