2332 3756
151 295 154 304 ,
188 295 203 303 ,,
235 299 237 302 ⁴
299 289 387 301 ..-.

51 308 78 348 ¹⁸„
113 316 137 347 ⁶„
185 302 372 342 [.,⁴.*'1'2·

416 306 420 311 ⁴
436 290 516 324 ‘'ihfssf
554 307 558 316 ι
590 296 637 322 ῚᾞΛυ
661 305 666 313 ⁴

315 329 328 334 .-
358 336 363 338 .
403 326 433 335 ,ι
536 328 539 330 -

310 325 449 370 ,ἃύμμ
693 320 707 335 ·

343 383 346 393 ι

325 396 358 409 v*

16 387 26 418 ³
70 447 81 458 ,Α
131 370 635 463 Ῐᾞᾷξίὧόῐιᾶἰιιίειιεᾶε
668 375 806 452 ΥΙοιεοιῡ
857 383 962 453 'cum
1009 407 1261 467 apographo
1298 376 1401 451 meo¹
1438 405 1641 460 contulit,
1688 404 1768 454 sed
1803 411 1981 464 partem

18 493 22 501 ⁴
78 467 79 470 Ἰ
158 487 441 549 &em-ginnas
478 488 692 534 versionis
729 490 776 534 in
813 505 940 536 usum
975 493 1127 535 meum
1161 489 1272 535 ultro
1311 489 1559 549 descripsit,
1602 495 1648 533 et
1684 493 1784 548 post
1813 489 1976 537 iterum·
2031 482 2034 486 ¹

24 578 33 593 '⁴
67 562 74 584 ³
162 571 400 621 secundum
427 570 622 616 codicem
650 572 920 632 recognovit.
965 572 1221 632 Hartvigius
1249 572 1545 631 Derenbourg
1575 571 1633 616 ad
1663 571 1976 618 Hermeneuti-

163 669 311 700 cor-um
341 660 470 715 caput
488 654 538 700 ΙΙ
567 655 729 700 codicis
748 656 934 700 Parisini
963 656 1238 701 collationem
1264 655 1405 700 amice
1437 655 1635 700 instituit.
1697 655 1738 700 E
1771 654 1976 701 Gothana

161 737 424 783 bibliotheca
445 736 531 783 Gru.
553 738 732 782 Pertsch
751 739 913 784 Baralii
943 738 1117 783 lexicon
1145 739 1312 784 liberali
1343 739 1486 783 animo
1516 738 1820 798 suppeditavit.
1873 738 1979 793 Qui-

160 821 242 866 bus
286 820 390 865 viris
422 837 552 880 quam
589 823 807 867 habebam
843 822 1039 882 gratiam,
1073 837 1202 881 agere
1231 823 1316 867 hoc
1347 824 1443 866 loco
1476 838 1745 881 magnopere
1786 822 1974 882 gaudeo.
2023 810 2027 818 ⁸

161 902 294 948 Porro
325 905 370 947 in
403 905 660 963 corrigenda
690 922 716 954 a
746 906 1001 964 typothetae
1032 906 1201 950 mendis
1231 906 1502 964 plagularum
1533 911 1656 964 parte
1686 905 1789 949 mihi
1821 911 1976 964 sponte

165 1002 243 1031 sua
273 988 504 1046 opitulatus
532 994 624 1044 est,
664 1004 764 1033 cum
794 987 1106 1047 Schleusingae
1149 994 1288 1041 esset,
1329 989 1383 1034 A.
1415 989 1466 1032 P.
1499 988 1554 1032 de
1585 986 1788 1047 Lagarde
1821 987 1896 1047 qui
1927 994 1974 1032 et

164 1071 258 1130 ipse
290 1071 496 1130 quasdam
525 1071 825 1116 adnotationes
860 1073 1042 1131 margini
1074 1071 1358 1116 adscribebat.
1415 1071 1517 1115 Hoc
1548 1071 1662 1115 idem
1693 1071 1738 1114 in
1778 1071 1979 1116 Arabicis

165 1155 271 1198 feeit
299 1153 359 1199 H.
382 1153 436 1198 Ο.
468 1154 702 1198 Fleischer.
767 1155 998 1214 Utriusque
1029 1156 1109 1199 viri
1139 1155 1377 1208 doctrinae,
1411 1155 1608 1207 consilio,
1639 1155 1977 1199 benevolentiae

167 1252 239 1281 me
269 1243 370 1282 ante
401 1253 576 1296 quoque
608 1253 738 1296 quam
768 1239 823 1282 ad
853 1240 966 1283 hanc
997 1240 1410 1284 commentationem
1438 1240 1616 1295 accessi,
1649 1239 1810 1297 optima
1841 1254 1972 1298 quae-

168 1338 253 1382 que
282 1321 538 1381 discipulum
567 1322 778 1378 debuisse,
810 1324 926 1368 laeto
959 1330 1089 1383 atque
1120 1331 1244 1382 grato
1276 1325 1420 1369 animo
1451 1324 1668 1383 praedico,

315 1403 503 1451 Coactus
531 1413 700 1451 tantum
729 1408 930 1452 vitiorum
960 1409 1072 1452 facio
1104 1409 1373 1452 mentionem
1393 1408 1760 1468 typotheticorum
1789 1423 1900 1467 quae
1929 1407 1975 1452 in

166 1488 253 1533 fine
283 1490 444 1533 notavi.
505 1489 684 1534 Mirifice
724 1491 841 1535 enim
872 1493 1155 1536 excruciabar
1185 1507 1239 1536 ea
1275 1491 1331 1535 de
1360 1492 1534 1550 integro
1567 1491 1830 1551 expellendo
1863 1506 1975 1550 quae

167 1571 327 1617 dudum
358 1574 538 1632 expulsa
567 1581 684 1618 ratus
717 1590 849 1618 eram.
915 1573 1144 1634 Corrigant
1173 1576 1255 1619 ista
1285 1591 1395 1635 rogo
1427 1577 1616 1620 lectores
1640 1581 1686 1619 et
1704 1574 1972 1634 indulgeant,

167 1656 205 1700 si
235 1671 321 1715 qua
350 1657 432 1701 alia
461 1673 532 1701 me
561 1658 751 1716 fugerint
782 1658 1098 1716 vituperatione
1132 1658 1277 1718 digna.

314 1737 518 1795 Berofini,
549 1739 699 1784 Idibus
729 1740 1046 1786 Decembribus
1077 1739 1501 1786 MDCOGLXVIII.

1131 2073 1200 2127 10.
1235 2073 1461 2140 Georgius
1493 2073 1605 2128 Em.
1637 2074 1905 2147 Hoffinann.
