2332 3756
27 375 68 443 {fg
83 351 88 389 Ι·
433 389 643 434 nusquam
673 379 751 431 est,
782 376 867 433 qua
896 368 1030 433 Syros
1060 388 1136 419 sua
1166 369 1338 417 deficiat
1365 367 1525 430 lingua.
1582 366 1747 426 Quodsi
1775 366 1908 430 igitur
1933 366 2028 430 ipse
2056 339 2244 426 zeussaif

1 468 33 522 l&
54 448 61 471 ‘¹
132 498 143 512 ,
434 455 483 516 (1.
504 457 533 500 l.
554 472 596 516 p.
619 458 645 501 8
667 455 769 516 sqq)
791 471 814 501 e
835 455 1005 501 dicendi
1034 455 1218 514 quodam
1247 471 1404 513 genere
1427 454 1596 499 Graeco
1617 471 1643 499 a
1662 453 1988 502 translatoribus
2007 451 2225 498 Ambibus

433 545 608 598 recepto
638 539 867 594 contendit,
899 538 1147 582 Honainum
1168 538 1307 582 Isaaci
1337 538 1471 581 filium
1500 552 1588 581 non
1609 551 1631 579 e
1652 535 1829 594 Syriaco
1853 535 1928 580 sed
1950 535 2149 579 continuo
2170 549 2229 584 ex,

434 619 665 680 archetypo
704 620 873 666 Graeco
912 621 1111 676 vertisse,
1159 621 1234 665 tali
1275 621 1445 679 quidem
1482 618 1800 662 demonstrandi
1844 618 2008 663 ratione
2052 617 2225 663 fallitur.

433 701 789 747 Animadvertere
821 704 933 747 enim
964 703 1158 759 debebat,
1192 707 1242 746 ea
1273 719 1399 762 quam
1427 702 1634 759 Syrorum
1665 717 1758 745 esse
1778 701 1972 746 vertendi
2004 696 2242 745 consuetu?

3 805 34 845 '‹
57 823 65 825 -
436 785 579 829 dinem
600 801 640 845 p.
655 787 720 830 ·12
742 793 856 830 recte
878 786 1101 841 intellexit,
1123 786 1260 830 refelli
1281 791 1547 843 argumenta,
1577 799 1686 843 quae
1710 800 1734 828 e
1757 784 2012 829 dictionibus
2033 784 2227 828 Arabum

8 866 34 871 '⁴
436 867 794 926 graecissantibus
831 875 957 913 antea
995 869 1187 927 petierat.
1249 868 1420 911 Etenim
1459 883 1588 926 quam
1627 868 1739 926 apud
1769 866 1902 925 Syros
1933 867 2113 912 usitatae
2144 866 2229 910 sint

436 951 623 1007 eaedem,
655 951 725 994 vel
755 951 861 994 levis
893 951 1018 994 modo
1041 950 1284 1009 speciminis
1307 950 1419 1008 quod
1441 950 1635 994 dabimus
1657 950 1865 994 versionis
1887 949 2101 994 Arabicae
2131 965 2228 993 cum

437 1032 616 1091 Syriaca
649 1033 908 1091 comparatio
941 1040 1006 1077 sat
1038 1033 1357 1077 demonstrabit.

530 1115 623 1158 -De
662 1115 869 1174 dignitate
918 1123 1059 1159 autem
1105 1116 1250 1159 critica
1299 1115 1492 1159 codicum
1533 1114 1798 1160 Graecorum
1838 1116 1991 1174 quibus
2028 1115 2094 1159 usi
2132 1120 2230 1158 sunt

437 1199 711 1242 translatores
740 1199 864 1241 fateri
894 1214 972 1242 nos
1004 1205 1191 1257 oportet,
1235 1198 1425 1242 codicem
1456 1199 1528 1256 qui
1559 1199 1825 1242 versionibus
1856 1215 1884 1256 y
1905 1216 1930 1241 x
1957 1215 1984 1241 u
2015 1197 2229 1242 subiectus

440 1287 550 1336 erat,
597 1287 744 1339 utpote
790 1281 959 1324 saeculo
1006 1281 1145 1324 medio
1189 1282 1336 1340 quinto
1383 1282 1664 1340 antiquiorem
1708 1282 1887 1340 optimas
1927 1294 2229 1340 saepenumero

438 1363 643 1407 lectiones
673 1364 898 1421 praebere,
930 1364 990 1407 ita
1021 1363 1192 1421 quidem
1226 1372 1272 1407 ut
1305 1380 1402 1407 cum
1431 1365 1547 1407 nullo
1581 1364 1775 1407 codicum
1807 1363 2132 1407 occidentalium
2160 1361 2230 1405 vel

439 1447 564 1505 plane
595 1447 666 1489 vel
696 1446 821 1489 modo
853 1462 929 1504 pro
959 1448 1186 1505 praecipua
1218 1453 1337 1505 parte
1367 1447 1616 1499 consentiat,
1648 1446 1722 1490 sed
1742 1445 1983 1504 promiscue
2005 1451 2048 1488 et
2066 1444 2109 1488 A
2130 1450 2173 1487 et
2192 1443 2230 1487 B

415 1544 759 1592 *nonnumquam
790 1528 824 1572 C
856 1530 1167 1588 saepissime
1199 1537 1372 1573 autem
1403 1546 1431 1572 n
1462 1531 1731 1587 suffragetur,
1762 1529 1836 1572 ubi
1867 1528 2026 1586 singuli
2055 1527 2166 1570 inter
2185 1540 2232 1570 se

441 1612 493 1656 de
523 1628 626 1656 vera
657 1612 875 1655 decertant
905 1613 1099 1668 lectione,
1131 1613 1344 1656 interdum
1376 1613 1503 1656 etiam
1534 1612 1729 1655 codicum
1758 1613 1778 1655 f
1806 1618 1848 1654 et
1878 1626 1902 1654 e
1931 1609 2124 1654 lectionis
2156 1625 2230 1652 an-

439 1695 680 1753 tiquitatem
710 1695 861 1753 prodat
890 1696 1172 1740 remotiorem.
1234 1696 1386 1753 Itaque
1417 1711 1472 1738 ne
1504 1695 1662 1738 codicis
1682 1695 1720 1737 B
1743 1693 1914 1752 quidem
1936 1692 2229 1737 auctoritatem

442 1777 582 1820 codici
601 1778 643 1821 A
665 1779 862 1836 praefert,
887 1779 1016 1822 immo
1038 1795 1139 1822 vero
1171 1780 1284 1822 hunc
1306 1778 1476 1822 videtur
1495 1779 1633 1837 magis
1656 1776 1964 1821 commendare.
2003 1775 2231 1819 Praeterea

442 1875 528 1903 non
555 1875 651 1903 raro
672 1860 720 1904 fit
741 1866 787 1902 ut
814 1861 1056 1915 lectionum,
1087 1877 1196 1920 quae
1219 1870 1316 1905 sunt
1337 1861 1449 1920 apud
1470 1861 1698 1905 Boethium
1719 1858 1996 1903 Ammonium
2025 1857 2231 1902 Ioannem

441 1942 725 2000 Philoponum
764 1942 808 1986 in
847 1943 1060 1987 veteribus
1100 1960 1268 2003 quoque
1301 1945 1555 1988 editionibus
1586 1944 1792 1994 diversae,
1823 1941 2127 2000 praestantiam
2160 1939 2232 1983 de-

276 2044 300 2056 ·-
442 2024 600 2068 fendat.

560 2106 704 2151 Proba
734 2107 864 2165 igitur
895 2124 1151 2167 quamquam
1182 2125 1267 2153 non
1299 2125 1427 2168 parce
1460 2109 1700 2168 suppeditat
1731 2108 1866 2152 codex
1895 2107 1981 2160 ille,
2013 2112 2235 2165 superatur

446 2195 589 2232 tamen
620 2189 767 2244 altero,
800 2206 883 2248 quo
915 2206 1014 2234 usus
1048 2198 1111 2234 est
1143 2191 1355 2250 Georgius
1389 2193 1582 2237 Arabum
1621 2191 1844 2250 episcopus
1875 2190 1988 2234 circa
2018 2189 2235 2234 saeculum

447 2270 584 2315 iniens
631 2278 842 2315 octavum.
917 2273 1031 2316 Nam
1071 2280 1118 2317 ut
1163 2274 1206 2317 in
1252 2275 1392 2319 Probo
1433 2276 1590 2334 quique
1637 2274 1726 2318 eius
1771 2273 1954 2332 vestigia
1992 2276 2237 2331 presserunt

6 2415 29 2421 ἡ.
447 2353 771 2398 translatoribus
793 2354 1052 2413 superiorem
1083 2356 1377 2415 antiquitatem
1408 2358 1514 2402 rude
1545 2357 1758 2418 quoddam
1788 2339 1927 2414 neque
1959 2354 2237 2403 exercitatum

0 2427 53 2519 ᾗ.»
96 2459 98 2461 -
447 2435 642 2480 vertendi
672 2451 807 2494 genus
839 2437 1017 2492 indicat,
1058 2437 1117 2481 ita
1149 2455 1246 2482 cum
1276 2440 1445 2498 politior
1476 2455 1578 2485 sane
1609 2439 1771 2484 exstitit
1802 2439 1928 2483 etiam
1958 2438 2003 2482 in
2032 2435 2236 2487 vertendo

5 2552 60 2590 4,
447 2519 498 2575 is,
531 2535 658 2578 quem
688 2519 772 2562 iam
802 2518 1042 2577 Lagardius
1058 2521 1071 2548 ¹
1111 2521 1286 2577 agnovit
1315 2522 1531 2566 hominem
1568 2523 1751 2567 maxime
1789 2528 1833 2566 et
1869 2527 2040 2566 acutum
2078 2525 2120 2563 et
2157 2518 2237 2568 cir-

450 2608 754 2660 cumspectum,
785 2607 876 2645 tum
905 2616 1007 2644 vero
1038 2601 1166 2658 idem,
1197 2609 1244 2646 ut
1273 2604 1455 2658 videtur,
1487 2604 1678 2648 codicem
1708 2619 1876 2663 quoque
1907 2600 2238 2651 emendatiorem

369 2739 379 2749 ·
449 2691 642 2730 nanctus.
702 2683 876 2727 Etenim
907 2699 1012 2741 quas
1042 2683 1088 2727 in
1117 2684 1255 2742 prima
1282 2693 1404 2744 parte
1440 2687 1538 2732 libri
1574 2686 1905 2746 perihermenias
1942 2682 2240 2734 adnoto-vimus
2294 2671 2332 2750 ’ζ

449 2767 654 2810 lectiones
686 2764 968 2824 Georgianas‚
1001 2779 1077 2809 eae
1107 2767 1230 2810 nobis
1261 2749 1433 2827 quidem
1463 2769 1603 2828 magis
1634 2769 1833 2815 videntur
1854 2767 2111 2821 constituere
2139 2780 2240 2819 con-2
2263 2775 2280 2830 j

450 2855 616 2893 textum
663 2849 814 2900 talem,
870 2848 1041 2907 qualem
1095 2849 1271 2907 egregia
1325 2856 1368 2892 et
1414 2850 1602 2896 Bekkeri
1649 2858 1692 2895 et
1734 2848 1913 2897 waitzii
1957 2844 2298 2902 confidentia?
2303 2834 2329 2838 ’

450 2931 649 2976 restituit.
718 2929 817 2984 Qua
852 2929 898 2974 iu
933 2946 987 2975 re·
1017 2937 1102 2988 est,
1142 2931 1259 2990 quod
1295 2932 1420 2977 valde
1457 2934 1664 2981 laetemur
1702 2932 1885 2994 Georgii
1922 2931 2052 2985 totius
2088 2925 2290 2997 031ςωί

451 3013 647 3066 versione
678 3011 734 3057 ad
761 3018 908 3065 nostra
937 3018 1129 3072 tempora
1157 3013 1340 3058 feliciter
1369 3022 1551 3064 servata.

570 3094 694 3157 Quae
724 3110 822 3146 cum
850 3094 910 3140 ita
939 3094 1038 3151 sint,
1068 3095 1175 3147 illud
1202 3100 1347 3147 tamen
1375 3113 1430 3144 ne
1461 3105 1709 3158 exspectare
1738 3097 1911 3159 quidem
1936 3095 2013 3143 li

452 3193 567 3234 nova
595 3174 806 3239 quaedam
835 3177 987 3244 organi
1016 3177 1182 3239 species
1212 3177 1377 3235 duobus
1406 3179 1490 3231 illis
1521 3179 1739 3241 codissibuss
1760 3179 1990 3258 &ww

452 3258 762 3351 Praeterquam
790 3257 906 3303 enim
925 3258 1040 3319 quod
1059 3259 1220 3352 optima
1249 3275 1446 3321 quaeque
1474 3260 1700 3309 adfirmare
1728 3262 1915 3350 solent

2018 3318 2035 3334 ι·
2063 3310 2107 3337 ,7·’

1438 3395 1931 3469 '132⁴sw,⁴-‹i·4⁵¹'''··1³‘¹
1967 3409 1974 3417 ⁸

906 3435 913 3443 Δ
1070 3429 1076 3437 ι
1149 3416 1157 3427 ⁸
1195 3408 1198 3410 ·
1248 3417 1267 3430 '¹
1341 3405 1371 3437 ,ζ’

791 3450 818 3463 ⁸¹
853 3461 862 3471 ι
929 3451 950 3467 'v
1019 3444 1021 3446 ¹
1063 3440 1362 3465 *v¹⁸'1¹l¹'i⁷(>
1403 3451 1411 3458 ’·
1630 3459 1638 3467 ,-
1881 3458 1896 3467 ,,

889 3486 892 3494 -
1090 3471 1418 3517 «ιι-ι»
1701 3468 1851 3499 ,τι
1946 3467 1950 3471 <

882 3542 889 3549 '
947 3549 950 3558 ι
1039 3542 1051 3558 4
1288 3540 1289 3545 ’
