2274 3762
380 256 438 302 92

356 377 555 435 prodest
585 377 708 421 nobis
740 376 793 419 ad
825 374 1146 432 intelligentiam
1178 373 1267 417 eius
1304 373 1415 431 quod
1442 373 1702 432 propositum
1734 381 1811 428 est,
1844 375 1879 417 si
1909 381 1974 418 est
2003 375 2161 434 aliquid

382 466 480 502 'ante
496 459 552 503 id.
585 459 652 503 Ita
669 459 779 502 enim
806 458 933 501 etiam
958 457 1093 500 facilis
1109 461 1310 514 perceptu
1326 455 1374 498 fit
1390 456 1511 499 nobis
1527 455 1620 515 ipsa
1635 472 1714 500 res.
1745 455 1822 500 Sin
1846 463 1985 501 autem
2011 458 2161 509 minus,

334 541 540 586 *similes
564 557 706 585 sumus
729 556 872 584 eorum
896 540 967 598 qui
989 540 1118 583 libros
1139 539 1282 596 legere
1305 538 1464 590 volunt,
1496 538 1738 597 priusquam
1760 539 1903 583 literas
1924 539 2159 584 didicerint.

379 624 499 669 Utile
529 623 659 682 igitur
697 629 760 666 est
798 622 922 665 etiam
962 622 1083 665 illud:
1122 621 1231 663 scire
1262 635 1338 662 nos
1366 618 1371 676 Ι
1401 620 1604 664 ordinem.
1634 647 1692 653 —-
1721 621 1945 680 Inscriptio
1960 623 1993 649 ¹⁰
2014 629 2152 666 autem
2164 637 2265 671 σᾶμα

379 707 477 751 libri
517 706 751 765 quaeritur,
800 705 899 763 quia
939 705 1063 748 etiam
1095 704 1200 746 haec
1239 703 1324 745 dux
1366 702 1419 745 ad
1466 719 1638 761 scopum
1687 711 1770 760 est3
1816 705 1857 748 id
1897 706 2008 748 enim
2048 704 2160 763 quo'd

380 804 532 848 scopus
564 788 770 831 divisione
802 787 924 830 nobis
957 792 1180 841 monstrat,
1213 786 1429 843 inscriptio
1462 785 1557 828 libri
1590 801 1674 829 una
1703 788 1797 830 vice
1829 804 1904 830 nos
1937 789 2072 831 docet.
2106 815 2161 819 —

2269 834 2274 863 ι

380 873 456 898 ¹²³⁷*
495 871 804 914 Divisionem¹¹
825 870 867 911 in
916 870 1054 927 capita
1099 886 1272 914 necesse
1319 878 1383 913 est
1421 871 1539 926 sciri,
1586 871 1718 928 quod,
1761 886 1853 913 cum
1893 871 1954 914 rei
2000 886 2163 914 summa
2273 868 2274 872 ’

382 954 565 998 difficilis
596 953 703 996 scitu
735 953 801 1005 sit,
836 953 932 994 dum
969 953 1010 994 in
1048 960 1188 1010 partes
1225 953 1437 1006 dividitur,
1468 952 1604 995 facilis
1632 952 1638 1010 Ι
1665 959 1864 1010 perceptu
1895 952 1954 995 fit.
2016 953 2074 996 Et
2103 953 2162 995 ita
2181 970 2213 996 15

380 1037 612 1080 illustratur
651 1036 691 1078 id
732 1036 890 1093 ipsum,
931 1036 1043 1093 quod
1084 1037 1344 1094 propositum
1385 1043 1471 1091 est,
1519 1037 1570 1078 ad
1619 1050 1762 1078 eorum
1802 1035 2043 1090 scientiam,
2078 1035 2159 1093 ‘qui

380 1120 588 1163 accedunt
620 1119 672 1161 ad
704 1118 758 1160 id.
821 1117 951 1161 Utilis
983 1119 1111 1176 igitur
1144 1127 1208 1161 est
1239 1119 1388 1162 divisio
1423 1134 1591 1177 quoque
1623 1120 1664 1161 in
1698 1118 1847 1177 capita.
1882 1143 1938 1149 —-
1969 1117 2038 1161 Ad
2061 1118 2162 1176 quid

379 1203 646 1255 referatur12,
680 1202 894 1259 quaeritur
926 1200 977 1243 ad
1010 1200 1269 1255 discendum,
1303 1210 1346 1244 ut
1383 1201 1578 1255 sciamus,
1613 1201 1663 1244 ad
1701 1217 1826 1259 quam
1863 1208 2025 1258 partem
2061 1201 2161 1243 artis

379 1284 600 1343 pertineat.
623 1309 678 1314 —
702 1281 809 1326 Cum
832 1283 942 1325 enim
967 1299 1032 1327 ars
1055 1284 1261 1327 adornare
1283 1284 1465 1327 animam
1488 1284 1628 1335 vellet,
1659 1283 2034 1340 contemplabatur,
2058 1281 2160 1326 duas

382 1382 474 1410 esse
505 1366 669 1409 animae
702 1366 944 1416 facultates,
972 1365 977 1423 Ι
1006 1346 1331 1409 intellectualem
1365 1374 1406 1410 et
1437 1372 1693 1424 operantem.
1738 1366 2038 1409 intellectualis
2071 1366 2159 1423 qui·
2179 1386 2213 1413 ιο

381 1450 478 1493 dem
500 1465 562 1503 ea,
597 1465 679 1506 qua
711 1465 778 1491 res
810 1449 1125 1506 cognoscimus3
1160 1464 1337 1507 operans
1370 1455 1507 1492 autem
1541 1464 1604 1504 ea,
1637 1463 1720 1506 qua
1751 1462 1984 1506 operamur.
2046 1447 2159 1491 Dum

380 1533 512 1591 igitur
545 1548 611 1576 ars
644 1532 733 1575 vult
765 1532 970 1574 adornare
1001 1532 1116 1575 illam
1156 1531 1481 1574 intellectualem
1523 1538 1564 1574 et
1601 1531 1714 1574 illam
1755 1538 2018 1589 operantem,
2059 1531 2162 1575 duas

380 1622 522 1675 partes
545 1616 696 1669 emisit,
728 1614 934 1658 theoriam
965 1622 1007 1658 et
1028 1615 1188 1673 praxin,
1221 1621 1266 1657 ut
1295 1613 1465 1671 quidem
1495 1629 1570 1672 per
1598 1613 1803 1656 theoriam
1835 1613 2160 1657 intellectualem

380 1700 618 1752 adornaret,
641 1714 716 1757 per
736 1699 886 1756 praxin
910 1704 1050 1741 autem
1073 1703 1328 1755 operantem.
1375 1697 1558 1740 Theoria
1580 1697 1691 1740 enim
1711 1696 1716 1754 Ι
1735 1696 1861 1739 docet
1880 1696 1932 1739 de
1954 1696 2158 1754 cognitio·
2180 1716 2213 1742 ²5

380 1782 506 1826 nibus
537 1797 700 1836 rerum3
730 1781 872 1839 praxis
905 1787 1042 1823 autem
1075 1781 1127 1823 de
1159 1779 1450 1823 emendatione
1481 1795 1657 1822 morum.
1708 1778 1910 1836 Quisquis
1941 1785 2005 1822 est
2034 1778 2164 1837 igitur

380 1865 501 1919 liber,
533 1871 607 1907 aut
636 1864 894 1907 theoreticus
916 1870 988 1906 aut
1009 1863 1219 1921 practicus
1249 1869 1312 1905 est
1342 1869 1415 1905 aut
1435 1868 1659 1920 utrumque
1682 1862 1818 1905 simul.
1861 1861 1920 1903 Et
1940 1862 2161 1905 theoretici

381 1946 553 2005 quidem
586 1952 683 1988 sunt
714 1961 749 1990 e.
783 1961 845 2002 gr.
878 1945 906 1987 ii
941 1945 1011 2003 qui
1043 1945 1094 1987 de
1128 1944 1326 2003 dogmate
1359 1945 1530 2000 docent3
1561 1945 1736 2003 practici
1769 1952 1910 1988 autem
1941 1961 1975 1989 e.
1999 1961 2062 2003 gr.
2092 1946 2122 1988 ii
2154 1945 2214 2000 ¹³0

381 2029 454 2087 qui
492 2028 544 2071 de
575 2028 762 2071 moribus
794 2028 969 2083 docent3
1003 2028 1074 2085 qui
1107 2043 1207 2070 vero
1238 2035 1463 2084 utrumque
1502 2027 1644 2078 simul,
1685 2043 1720 2070 e.
1752 2043 1814 2084 gr.
1846 2027 1875 2069 ii
1906 2027 1978 2085 qui
2010 2027 2162 2072 docent

383 2111 508 2154 simul
530 2118 572 2154 et
593 2111 644 2154 de
665 2110 864 2168 dogmate
887 2117 929 2153 et
951 2110 1001 2153 de
1023 2110 1220 2153 moribus.
1236 2135 1292 2142 ——-
1311 2110 1654 2152 Demonstratum
1677 2117 1741 2153 est
1762 2110 1903 2168 igitur,
1921 2111 2158 2154 necessario

383 2194 531 2253 quaeri
547 2200 645 2236 ante
663 2209 807 2236 omnes
824 2193 954 2236 libros
972 2192 1182 2250 quoslibet
1203 2192 1307 2234 haec
1332 2198 1491 2248 septem
1509 2191 1647 2250 capita
1669 2207 1776 2250 quae
1799 2207 1924 2251 supra
1944 2193 2160 2250 praedicta

384 2283 491 2322 sunt.
509 2303 566 2309 —
582 2277 814 2334 Postquam
835 2275 965 2333 igitur
982 2275 1176 2328 diximus,
1199 2281 1302 2332 quot
1318 2274 1401 2316 sint
1418 2274 1556 2332 capita
1578 2290 1684 2332 quae
1706 2282 1803 2318 ante
1821 2290 1988 2319 omnem
2007 2275 2160 2320 librum

384 2365 661 2419 quaerantur,
709 2365 750 2402 et
788 2374 895 2416 quae
934 2358 1016 2401 sint
1055 2365 1097 2400 et
1134 2373 1209 2400 cur
1249 2356 1460 2414 singulum
1501 2357 1697 2415 quodque
1740 2372 1884 2401 eorum
1923 2365 2160 2416 quaeratur,

384 2458 637 2502 quaeramus
668 2442 762 2500 quis
783 2441 909 2484 fuerit
937 2456 1089 2498 scopus
1111 2439 1351 2483 Aristotelis
1383 2438 1425 2482 in
1453 2440 1459 2497 Ι
1486 2439 1594 2482 libro
1627 2439 1706 2482 hoc
1738 2446 1779 2482 et
1810 2439 1967 2483 utilitas
1999 2439 2088 2483 eius
2119 2447 2162 2484 et
2178 2460 2274 2499 ⁶⁶2¹1

385 2525 598 2585 singulum
639 2524 833 2582 quodque
873 2539 926 2566 ex
965 2522 1047 2565 illis
1080 2522 1286 2580 capitibus
1326 2522 1430 2565 aliis.
1466 2547 1518 2552 —
1558 2520 1719 2579 Scopus
1759 2522 1889 2580 igitur
1919 2522 2159 2567 Aristotelis
2269 2542 2274 2576 ι

385 2615 449 2653 est
478 2609 522 2651 in
553 2608 633 2651 hoc
665 2607 793 2660 libro,
826 2612 873 2650 ut
904 2606 1051 2649 doceat
1081 2620 1157 2647 nos
1190 2604 1241 2647 de
1273 2603 1476 2659 oratione,
1508 2603 1581 2646 sed
1611 2619 1695 2647 non
1728 2603 1780 2647 de
1811 2604 1926 2648 omni
1958 2604 2159 2648 oratione.
2270 2614 2274 2680 ξ

385 2691 584 2750 Quinque
599 2691 631 2716 ¹³
671 2690 781 2733 enim
822 2689 892 2714 ΜΓ
935 2688 1096 2745 species
1136 2687 1335 2731 orationis
1375 2692 1497 2730 sunt:
1543 2685 1847 2744 interrogativa
1875 2713 1931 2719 —
1966 2687 2161 2732 vocativa
2267 2686 2274 2757 ff

384 2801 441 2807 -
472 2773 743 2833 deprecativa
773 2798 826 2805 —
857 2770 863 2829 1
890 2770 1138 2828 imperativa
1170 2794 1224 2802 —-
1262 2769 1534 2815 enuntiativa.
1574 2794 1630 2800 —
1669 2769 1758 2812 Aut
1771 2770 1803 2794 ¹⁴
1841 2770 1951 2813 enim
1983 2771 2159 2821 verbum
2194 2788 2212 2814 ⁵
2267 2828 2269 2834 Ι

385 2858 551 2917 quaerit
601 2856 715 2915 quis,
768 2861 811 2898 et
860 2860 1036 2898 vocatur
1084 2853 1196 2896 haec'
1238 2852 1369 2895 oratio
1420 2851 1742 2909 interrogativa,
1802 2858 1848 2895 ut
1897 2852 2000 2896 illud
2049 2853 2161 2910 quod

385 2940 495 2984 dixit
507 2939 560 2982 ¹⁵:
606 2938 708 2994 ,Ubi
748 2937 946 2996 posuistis
990 2936 1133 2980 eum‘?
1178 2941 1251 2980 aut
1294 2950 1404 2989 rem,
1451 2941 1493 2978 et
1538 2940 1714 2977 vocatur
1761 2934 1977 2986 vocativa,
2029 2941 2076 2978 ut
2118 2935 2161 2978 id

385 3022 498 3081 quod
548 3021 671 3065 dixit:
717 3020 885 3075 ‚Venite
939 3019 991 3063 ad
1042 3035 1108 3062 me
1162 3034 1235 3062 vos
1283 3033 1428 3062 omnes
1474 3016 1627 3060 defessi
1674 3025 1716 3060 et
1752 3023 1970 3075 portantes
2018 3019 2160 3062 onera‘

386 3111 474 3161 etc;
523 3110 597 3147 aut
642 3102 799 3161 aliquid
837 3101 942 3160 petit
979 3101 1073 3159 quis
1120 3103 1173 3146 ab
1211 3101 1314 3158 ali03
1354 3117 1404 3144 ac
1443 3100 1485 3142 si·
1519 3099 1688 3157 quidem
1728 3116 1753 3143 a
1793 3099 1941 3144 maiori
1967 3099 1974 3158 Ι
2000 3099 2160 3158 aliquid
2177 3121 2213 3147 ιο

386 3186 480 3246 quis
518 3185 645 3245 petit,
692 3191 869 3228 vocatur
906 3183 1195 3241 deprecativa,
1240 3197 1276 3225 e.
1317 3198 1380 3240 gr.
1427 3182 1547 3237 ‚Peto
1592 3198 1619 3226 a
1656 3190 1697 3226 te
1741 3182 1911 3226 domine
1957 3181 2050 3238 mi‘3
2090 3181 2160 3228 sin
2239 3219 2246 3224 .

387 3274 528 3313 autem
581 3269 634 3312 ab
685 3267 893 3318 inferiori,
950 3271 1125 3309 vocatur
1171 3264 1420 3323 imperativa
1464 3270 1512 3309 ut
1555 3263 1596 3307 id
1643 3264 1756 3322 quod
1794 3264 1952 3308 dictum
1999 3268 2074 3316 est,
2098 3263 2159 3308 {ad

385 3366 586 3411 puerum:
635 3349 756 3406 ‚Abi,
798 3349 953 3406 collige
991 3347 1187 3406 sagittas,
1228 3361 1332 3406 quas
1363 3346 1576 3391 emittam‘.
1638 3344 1715 3390 Sin
1751 3351 1890 3391 autem
1929 3345 2051 3405 quasi
2074 3361 2161 3406 :per
2211 3387 2214 3397 ,

364 3432 643 3478 decisionem
675 3431 719 3477 id
750 3430 862 3492 quod
894 3431 936 3477 in
967 3430 1121 3476 anima.
1139 3428 1258 3492 [est]‚
1288 3427 1490 3490 dicimus,
1522 3434 1705 3476 ‘vocatur
1732 3429 2160 3496 haec-speciesque·
