2274 3762
98 406 102 413 ,
147 367 265 422 prius
293 368 341 408 de
368 364 583 420 neyatione,
605 368 703 419 post
729 366 776 406 de
805 364 1070 420 affirmatione
1091 363 1413 418 pronuntiaverit
1431 365 1474 404 et
1493 324 1645 405 deinde
1664 357 1935 417 negationem

151 448 334 508 priorem
378 445 656 491 affirmatione
696 460 790 490 esse
819 445 974 504 arguit.
1022 445 1189 489 Probus
1218 449 1367 488 contra
1394 458 1474 488 nec
1502 441 1672 501 attingit
1700 441 1811 486 hanc
1847 454 1935 484 om-

151 547 250 576 nem
289 530 599 589 quaestionem,
647 529 803 588 quippe
843 529 915 587 qui
966 545 1063 573 eum
1099 528 1296 572 versione
1333 543 1361 571 x
1397 531 1441 571 et
1477 525 1634 570 Arabis
1670 523 1936 570 consentiens

154 613 405 659 contrariam
452 613 677 656 lectionem
714 613 937 671 praebeat,
986 617 1030 655 et
1058 611 1141 654 alio
1181 611 1278 655 loco
1292 609 1328 637 ³⁸
1358 608 1681 655 affirmationem
1710 605 1936 665 negatione

150 697 334 757 priorem
366 710 458 740 esse
489 711 591 754 prae
624 711 668 738 se
697 697 792 739 fert.

267 792 389 846 Quae
431 807 527 834 cum
564 790 623 833 ita
663 789 766 842 sint,
814 794 979 834 constat
1017 795 1152 844 certe,
1191 788 1384 832 Probum
1431 784 1711 845 antiquiorem
1754 782 1936 843 Syriane

150 892 237 920 non
265 875 408 920 fuisse.

268 973 433 1028 Quodsi
463 989 487 1017 e
519 971 795 1016 commentari
822 971 968 1016 habitu
1000 969 1261 1027 consilioque
1292 967 1453 1027 aliquid
1483 966 1536 1010 de
1560 965 1777 1024 scriptoris
1797 970 1937 1009 aetate

151 1058 251 1101 licet
281 1056 498 1115 suspicari,
531 1056 645 1100 omni
673 1054 799 1098 modo
828 1054 952 1098 fateri
980 1053 1186 1111 cogimur,
1217 1051 1402 1110 priscam
1437 1064 1535 1093 eum
1563 1048 1674 1107 apud
1695 1047 1826 1107 Syros
1846 1047 1938 1108 phi-

151 1140 402 1199 losophandi
441 1139 626 1198 speciem
654 1139 873 1197 praebere.
936 1136 1088 1180 Totius
1120 1135 1233 1179 enim
1263 1134 1362 1178 libri
1393 1132 1600 1177 institutio
1631 1131 1781 1176 eadem
1811 1137 1938 1188 atque

153 1223 263 1282 apud
285 1222 474 1268 Graecos
506 1226 877 1266 commentatores:
906 1219 1111 1279 praefatio
1142 1234 1273 1277 parca
1305 1217 1357 1261 de
1387 1217 1591 1275 scriptore
1612 1215 1716 1260 nihil
1735 1215 1939 1274 prodens3

155 1307 336 1366 capitum
377 1304 640 1365 quorundam
678 1303 932 1362 propositio;
974 1301 1242 1361 protheoriae
1282 1307 1382 1345 ante
1421 1300 1610 1358 singulas
1646 1304 1789 1358 partes
1818 1313 1939 1357 prae-

153 1390 318 1446 missi03
363 1394 504 1432 textus
540 1387 841 1446 interspersus3
884 1385 969 1429 loci
1010 1400 1157 1428 omnes
1198 1400 1221 1428 e
1263 1384 1431 1428 Graeco
1471 1382 1682 1442 expressi3
1729 1380 1940 1427 dividendi

155 1471 462 1530 definiendique
492 1470 694 1515 aviditas:
725 1469 866 1513 omnia
898 1468 1247 1512 commentarium
1270 1468 1453 1525 aliquem
1484 1483 1507 1510 e
1529 1466 1673 1510 schola
1692 1464 1941 1509 Atheniensi

153 1555 352 1610 delatum,
383 1553 529 1613 utique
557 1569 727 1598 versum
747 1569 840 1596 esse
861 1558 1104 1610 arguerent,
1136 1552 1219 1595 nisi
1239 1567 1454 1610 perpauca
1476 1549 1708 1608 eademque
1727 1548 1943 1592 levissima

153 1638 371 1682 christiani
400 1637 581 1682 hominis
620 1643 806 1681 mentem
836 1636 1120 1695 designarent.
1183 1636 1305 1690 Quae
1335 1641 1478 1678 tamen
1507 1633 1821 1677 immutationes
1852 1631 1942 1675 eius

153 1737 246 1765 esse
275 1721 444 1779 generis
475 1721 624 1775 solent,
658 1721 776 1764 cuius
808 1721 935 1764 etiam
966 1720 1011 1764 in
1039 1720 1141 1779 ipsis
1171 1718 1417 1763 Aristotelis
1448 1717 1713 1761 versionibus
1746 1715 1941 1774 exempla

153 1804 426 1848 inveniuntur
437 1804 484 1846 3⁹.
537 1803 792 1862 Comparato
832 1810 974 1848 autem
1013 1819 1140 1862 opere
1177 1802 1392 1846 Probiano
1435 1817 1532 1845 cum
1571 1799 1774 1856 Graecis,
1817 1798 1941 1843 facile

155 1888 382 1940 concedes,
420 1887 592 1931 brevius
631 1886 811 1945 quidem,
840 1887 906 1942 id,
950 1887 1024 1930 sed
1065 1887 1190 1931 simul
1228 1885 1461 1930 innumeris
1500 1883 1779 1947 divisionibus
1820 1882 1940 1942 scho-

152 1971 311 2015 lasticis
341 1970 746 2029 repetitionibusque
777 1970 1124 2028 σχηματικωτέρως
1145 1971 1349 2014 refertum
1370 1968 1555 2012 tironum
1575 1967 1620 2010 in
1638 1981 1763 2009 usum
1783 1965 1942 2010 editum

154 2069 257 2097 esse.
321 2052 469 2106 Qualis
509 2053 637 2108 liber,
679 2069 804 2111 quem
842 2054 973 2112 priori
1002 2053 1158 2097 Boethi
1198 2052 1475 2111 expositionis
1513 2051 1568 2095 ad
1602 2050 1734 2109 perih.
1767 2047 1942 2092 editioni

154 2137 311 2195 optime
351 2152 591 2195 compares,
622 2136 798 2180 idoneus
840 2143 954 2180 certe
993 2137 1073 2180 fuit
1111 2137 1165 2180 ad
1193 2136 1372 2181 clericos
1414 2135 1482 2179 vel
1512 2120 1643 2192 Syros
1674 2133 1744 2177 vel
1772 2131 1940 2187 Persas,

151 2219 278 2264 rudes
308 2219 536 2263 admodum
566 2226 694 2278 atque
725 2219 988 2278 incomptos,
1019 2219 1186 2279 logicae
1216 2218 1437 2278 principiis
1468 2216 1732 2262 imbuendos.

268 2313 337 2356 Ad
385 2313 522 2371 prima
564 2313 745 2372 denique
799 2314 951 2372 quibus
989 2312 1089 2372 Syri
1135 2313 1427 2372 philosophari
1473 2317 1704 2370 coeperunt
1749 2317 1942 2369 tempora

153 2395 382 2440 ascendere
419 2396 530 2440 hunc
563 2397 932 2450 commentarium,
965 2398 1094 2441 etiam
1123 2398 1167 2442 id
1198 2397 1366 2441 videtur
1397 2395 1629 2451 affirmare,
1661 2393 1774 2453 quod
1803 2393 1940 2453 primo

153 2493 264 2522 saec.
302 2477 368 2522 VI
415 2478 588 2522 dimidio
627 2477 804 2539 Sergius
841 2480 1151 2534 Resaenensis,
1201 2495 1329 2540 quem
1368 2479 1600 2524 secundum
1633 2478 1883 2522 Zachariam
1898 2476 1934 2502 4⁰

153 2560 448 2612 Barhebraeus
486 2562 593 2605 falso
631 2562 754 2618 dicit,
793 2563 1018 2621 primum
1049 2564 1162 2622 apud
1191 2563 1324 2621 Syros
1355 2562 1742 2622 philosophicorum
1771 2579 1822 2607 ac
1851 2579 1940 2608 me-

153 2643 344 2688 dicorum
381 2644 633 2703 scriptorum
671 2629 881 2690 exstitisse
923 2647 1242 2703 translatorem,
1281 2647 1326 2690 in
1364 2645 1595 2690 tractandis
1632 2646 1759 2690 rebus
1788 2645 1940 2704 logicis

154 2742 240 2770 non
280 2727 458 2786 amplius
497 2734 875 2773 commentatorum
908 2729 1174 2775 Graecorum
1205 2745 1387 2786 morem,
1418 2735 1582 2773 textum
1611 2728 1855 2774 Aristotelis
1885 2730 1939 2775 ad

154 2810 287 2854 verba
307 2810 543 2869 explicandi
565 2817 735 2855 secutus
759 2818 835 2864 est,
867 2812 941 2856 sed
959 2814 1337 2858 commentationes
1355 2818 1556 2872 coeperat
1575 2813 1628 2858 de
1650 2813 1876 2870 categoriis
1888 2814 1938 2869 ⁴¹,

155 2891 208 2937 de
237 2898 326 2936 tota
353 2893 510 2951 logica,
541 2894 594 2937 al.
626 2894 907 2950 conscribere,
940 2911 1048 2954 quae
1070 2911 1094 2940 e
1115 2895 1296 2941 Graecis
1318 2896 1486 2955 quidem
1507 2902 1551 2939 et
1569 2895 1686 2955 ipsae
1705 2895 1938 2954 pendentes

154 2989 246 3020 rem
281 2982 425 3020 tamen
462 2976 635 3021 liberius
671 2977 919 3036 dispositam
955 2985 1202 3023 tractarent.
1262 2979 1458 3024 Eandem
1493 2979 1609 3023 viam
1643 2993 1743 3022 mox
1779 2978 1938 3023 Paulus

39 3071 74 3117 ·.'
154 3058 288 3104 Persa
327 3073 381 3104 ex
416 3059 522 3104 urbe
551 3059 758 3105 Dairshar
795 3061 841 3105 in
879 3063 1235 3107 commentatione
1273 3062 1414 3120 logica
1444 3062 1499 3106 ad
1530 3060 1771 3122 Chosroemv
1790 3076 1939 3120 regem

68 3294 153 3341 αἶ
162 3310 404 3363 mamam
432 3313 463 3347 s
486 3313 533 3348 19
562 3313 647 3357 (sec.
678 3312 778 3354 cod.
774 3323 876 3350 u‚mus
899 3313 1141 3352 Brit.12154
1172 3315 1200 3352 f.
1235 3315 1319 3358 151)
1350 3314 1444 3351 unde
1472 3314 1594 3353 hausit
1615 3313 1786 3352 Buhebr.
1816 3313 1869 3352 cf.
1893 3313 1940 3351 «10

250 3253 369 3301 98η)
392 3252 958 3300 84,19ad17·8,01.107,.3
1052 3254 1940 3302 39)cf.‚vsadn.1581.99.40)13ist0ria

154 3365 320 3428 Qde
322 3368 525 3467 m
547 3369 727 3474 affl
760 3371 910 3419 p.141
936 3371 997 3414 41.
1089 3372 1153 3420 41)
1183 3373 1231 3410 ad
1259 3372 1486 3410 Philotheum
1509 3371 1695 3420 quendam,
1718 3371 1796 3410 eod.
1819 3372 1939 3412 Boi-ol.

160 3496 168 3511 ¹
197 3506 230 3525 ς
263 3483 301 3519 {⁴¹1
364 3519 370 3523 ,
698 3524 699 3527 ,
