2274 3762
246 2211 303 2236 172
322 2209 355 2235 29

244 2713 303 2738 17⁸
322 2713 352 2738 31

1257 208 1259 211 .
1969 206 2041 231 ΓΜ
2064 218 2075 234 ᾗ

386 266 472 313 110
1448 295 1457 299 ‘
2131 263 2242 330 i'sfffsssf.

383 389 419 431 si
445 388 452 446 Ι
478 388 598 443 dicis,
630 403 849 431 numerum
881 401 1033 430 novem
1067 386 1286 430 dimidium
1316 400 1410 430 esse
1439 392 1484 430 et
1511 403 1735 432 numerum
1765 403 1919 432 novem
1950 388 2166 435 dimidium
2184 375 2258 446 {⁷3³-

382 486 467 514 non
498 486 613 523 esse,
654 468 689 513 si
719 470 773 514 ad
804 469 1038 513 octodecim
1078 483 1164 512 non
1194 469 1320 512 ambo
1351 469 1507 524 refers,
1547 470 1640 513 fieri
1678 477 1820 529 potest
1855 478 1903 515 ut
1938 486 2042 517 vera
2069 468 2167 522 sint.
2234 487 2247 502 ³¹

380 551 452 596 Ad
483 553 716 597 octodecim
754 553 867 596 enim
899 551 1107 610 [relatum]
1147 557 1212 595 est
1241 550 1481 607 dimidium3
1522 552 1577 595 ad
1615 552 1859 611 quindecim
1897 560 2039 598 autem
2077 570 2164 600 non
2227 557 2231 559 ’
2258 600 2264 618 ζ

380 642 445 678 cst
473 635 703 678 dimidium.
733 661 789 667 —
827 634 869 691 c)
901 634 1015 690 ,Non
1047 634 1099 677 ad
1129 634 1255 678 aliam
1287 639 1415 691 atque
1446 634 1572 678 aliam
1602 638 1781 693 partem‘
1811 637 1996 695 positum
2027 635 2167 692 est,¹⁸⁰

380 718 478 775 quia
511 718 545 760 si
576 718 701 761 dicis:
732 717 937 775 Aethiops
960 716 1130 774 (Indus)
1151 717 1274 775 niger
1297 715 1301 774 Ι
1326 722 1402 771 est,
1434 717 1643 775 Aethiops
1665 734 1750 761 non
1776 726 1841 763 est
1860 720 1996 778 niger,
2026 734 2165 779 neque
2185 741 2217 765 ιο
2254 707 2274 766 2²¹*

379 800 432 842 ad
477 801 653 844 eandem
698 807 861 859 partem
909 798 1129 858 [referens]
1177 799 1304 852 dicis,
1351 799 1443 841 fieri
1488 805 1628 857 potest
1673 807 1722 844 ut
1758 817 1862 845 vera
1900 803 1984 846 sint
2029 805 2167 850 ambo.
2272 791 2274 795 Ι

377 884 515 942 Niger
560 883 671 927 enim
718 890 782 927 est
826 883 870 926 in
909 897 1107 940 corpore,
1155 882 1274 925 albus
1316 888 1458 925 autem
1496 882 1540 924 in
1578 882 1788 927 dentibus.
1845 910 1876 916 -
1909 885 1954 943 d)
1987 885 2166 941 ,Eodem

376 969 581 1025 tempore‘
611 967 794 1025 positum
825 972 908 1020 est,
949 965 1048 1023 quia
1087 964 1121 1007 si
1161 964 1288 1007 dicis:
1330 963 1529 1007 Socrates
1568 966 1824 1022 ambulavit,
1854 966 2051 1012 Socrates
2080 982 2167 1013 non

377 1050 609 1093 ambulavit
639 1050 711 1075 ¹⁴⁰¹
750 1063 889 1106 neque
919 1048 1078 1106 accipis
1110 1047 1258 1090 eodem
1290 1054 1501 1104 tempore,
1542 1063 1693 1091 verum
1731 1064 1824 1093 esse
1854 1056 2007 1108 potest.
2056 1052 2164 1095 Heri

377 1132 487 1176 enim
506 1132 757 1187 ambulavit,
782 1130 786 1186 Ι
812 1131 964 1174 nudius
986 1129 1135 1173 tertius
1155 1130 1334 1173 fortasse
1356 1145 1442 1173 non
1463 1131 1710 1174 ambulavit.
1753 1131 1934 1190 Oportet
1949 1134 1999 1159 ¹⁶¹
2021 1140 2162 1178 autem
2179 1150 2214 1176 15

375 1231 452 1258 nos
483 1215 676 1273 accipere
714 1214 862 1257 eodem
901 1213 1026 1256 modo
1057 1212 1346 1270 praedicatum
1377 1213 1420 1255 in
1456 1213 1752 1269 affirmatione,
1784 1216 1997 1272 quomodo
2027 1218 2166 1260 fuerat

375 1298 419 1340 in
450 1297 689 1354 negatione.
731 1296 807 1340 Sin
839 1303 999 1350 contra,
1030 1310 1115 1338 non
1146 1295 1238 1337 fieri
1272 1301 1412 1352 potest
1442 1302 1489 1338 ut
1520 1297 1668 1340 ambae
1690 1312 1818 1341 verae
1849 1298 1943 1342 sint.
1985 1298 2099 1342 Nam
2129 1300 2165 1343 si

374 1381 469 1424 dico
498 1381 550 1423 de
581 1379 862 1434 adolescente,
894 1394 986 1422 esse
1017 1394 1114 1422 eum
1143 1378 1482 1435 grammaticum,
1515 1385 1571 1432 et,
1603 1394 1689 1423 non
1711 1395 1804 1423 esse
1824 1382 2162 1439 grammaticum,

373 1479 544 1522 possum
564 1477 713 1506 verum
734 1463 889 1516 dicere,
914 1477 1008 1504 cum
1031 1462 1162 1504 effero
1185 1463 1308 1515 ,esse‘
1331 1461 1500 1518 quidem
1524 1463 1756 1506 secundum
1778 1465 2025 1521 potentiam,
2046 1468 2163 1520 ‚non‘

372 1554 513 1590 autem
540 1545 545 1603 Ι
574 1548 694 1600 ,esse‘
733 1546 963 1589 secundum
995 1551 1149 1587 actum.
1212 1542 1395 1601 Oportet
1433 1544 1583 1602 igitur,
1623 1551 1669 1588 ut
1700 1545 1858 1589 dictum
1891 1553 1975 1598 est,
2014 1549 2162 1592 ambas
2179 1564 2214 1590 20

373 1635 444 1671 aut
474 1628 662 1686 potentia
692 1635 765 1672 aut
794 1635 891 1672 actu
923 1643 1036 1671 esse:
1067 1625 1114 1669 Si
1146 1627 1189 1670 in
1221 1627 1503 1670 affirmatione
1525 1628 1753 1671 secundum
1775 1615 1929 1684 actum,
1962 1631 2089 1674 etiam
2118 1631 2163 1674 in

372 1712 598 1770 negatione
638 1711 867 1754 secundum
907 1718 1069 1765 actum3
1109 1725 1159 1752 ac
1199 1710 1234 1751 si
1272 1710 1482 1767 potentia,
1521 1711 1723 1768 potentia.
1785 1711 2005 1755 Debemus
2034 1713 2164 1772 igitur

374 1794 477 1837 haec
519 1794 659 1836 omnia
698 1794 899 1851 colligere
945 1800 987 1836 et
1025 1793 1183 1835 dicere:
1235 1791 1317 1834 Est
1355 1792 1544 1835 definitio
1594 1793 1959 1838 contradictionis:
2009 1795 2163 1854 Pugna

374 1876 664 1920 affirmationis
696 1882 737 1919 et
767 1875 1026 1933 negationis,
1059 1874 1247 1917 eiusdem
1275 1874 1281 1931 Ι
1309 1874 1361 1917 de
1391 1875 1563 1930 eodem,
1596 1891 1682 1919 non
1713 1877 1959 1934 aequivoce,
1992 1893 2078 1921 non
2107 1879 2161 1922 ad
2178 1899 2212 1924 25

375 1960 499 2003 aliam
533 1965 659 2017 atque
691 1959 817 2002 aliam
847 1974 952 2013 rem,
985 1958 1132 2001 eodem
1155 1964 1360 2016 tempore,
1393 1958 1419 2000 i.
1444 1973 1495 2011 e.‚
1530 1973 1625 2001 cum
1657 1959 1796 2016 ipsum
1826 1959 1867 2002 id
1901 1960 2013 2017 quod
2041 1974 2163 2018 prae-

375 2043 539 2086 dicatur
571 2049 612 2084 et
645 2041 687 2084 id
719 2041 831 2099 quod
863 2042 1046 2100 positum
1079 2047 1156 2094 est,
1190 2040 1339 2084 eodem
1360 2040 1486 2083 modo
1508 2042 1695 2084 effertur.
1713 2066 1771 2072 -
1793 2041 1903 2085 Tum
1925 2043 2037 2085 enim
2058 2041 2165 2086 fiunt

374 2124 596 2168 affirmatio
652 2130 694 2166 et
746 2124 919 2181 negatio
975 2124 1211 2167 contrariae
1267 2123 1499 2166 secundum
1553 2123 1778 2168 veritatem
1833 2130 1876 2167 et
1920 2124 2164 2169 falsitatem.

2261 2181 2274 2233 ,¹⁴

373 2209 450 2250 Ar.
481 2225 545 2249 και
567 2223 650 2261 περι
671 2202 756 2258 τούς
772 2207 823 2232 ¹⁶2
854 2204 958 2258 ἐκτός
989 2206 1057 2248 τοῦ
1086 2205 1142 2249 νῦν
1162 2203 1318 2261 χρόνους
1340 2201 1519 2258 ὡσαύτως
1538 2209 1543 2265 Ι
1566 2199 1667 2249 ἅπαν
1690 2196 1732 2249 οἷν
1753 2206 1907 2262 δέχοιτο
1929 2197 2168 2264 ῧκατέφησέ
2182 2228 2216 2254 30
2264 2238 2271 2247 .

374 2308 428 2342 τις
459 2285 685 2345 ἀποφῆσαι,
720 2307 782 2331 και
823 2308 841 2331 ο
881 2286 1058 2346 οἷπέφησε
1096 2271 1340 2344 κασαφῆσαι.
1403 2291 1470 2332 Pr.
1513 2286 1592 2331 Καὶ
1631 2286 1714 2343 περὶ
1752 2284 1839 2342 τοῦς
1877 2285 1981 2341 ἐκτὸς
2010 2289 2079 2332 τοῦ
2108 2287 2164 2333 νῧν
2263 2325 2274 2351 {5

374 2368 530 2427 χρόνους
576 2378 704 2414 vocat
747 2378 913 2430 tempus
958 2372 1233 2431 praeteritum
1279 2378 1322 2414 et
1365 2372 1574 2425 futurum,
1623 2371 1678 2414 νῦν
1724 2379 1866 2416 autem
1910 2373 1994 2417 hoc
2042 2388 2163 2433 prae·
2263 2353 2274 2367 ἡ

375 2469 485 2498 sens,
552 2453 672 2496 Dicit
711 2454 761 2480 1⁶³
778 2469 880 2512 ergo
921 2454 1024 2498 hoc:
1069 2454 1219 2498 Potest
1258 2454 1411 2512 aliquis
1458 2453 1510 2497 de
1550 2470 1601 2497 eo
1641 2455 1754 2513 quod
1791 2462 1879 2499 est*
1916 2455 2080 2512 dicere,
2118 2456 2164 2501 id
2250 2514 2252 2518 Ι

372 2537 503 2581 fuisse
542 2542 585 2579 et
619 2550 706 2579 non
744 2537 881 2593 esse¹'3
923 2544 965 2581 et
996 2535 1048 2581 de
1079 2550 1130 2581 eo
1161 2537 1276 2594 quod
1306 2551 1395 2579 non
1424 2537 1518 2591 fuit,
1546 2537 1552 2595 Ι
1579 2538 1735 2592 dicere,
1773 2538 1819 2582 id
1847 2538 1978 2583 fuisse
2007 2546 2051 2583 et
2078 2552 2225 2597 nonna
2252 2544 2263 2587 :f

374 2626 490 2664 esse⁰
529 2626 571 2662 et
612 2619 664 2662 de
704 2633 753 2662 eo
792 2620 906 2678 quod
942 2621 1131 2664 futurum
1169 2626 1233 2662 est
1241 2652 1252 2674 ,
1291 2620 1480 2663 futurum
1518 2635 1611 2664 esse
1650 2626 1694 2663 et
1721 2635 1808 2664 non
1838 2622 2027 2666 futurum
2055 2635 2163 2666 esso.

374 2705 427 2746 Α.
473 2695 571 2744 ὥστε
610 2702 722 2757 δῆλον
761 2695 817 2744 gn
867 2700 976 2762 πείσῃ
1023 2699 1245 2757 καταφάσει
1292 2702 1465 2761 (auda
1501 2716 1570 2742 ΒΜ·
1595 2702 1692 2760 Syn)
1713 2703 1767 2730 ¹⁶⁴
1817 2701 1918 2746 ἔστιν
1965 2699 2165 2758 ἀπόφασις
2236 2708 2241 2735 ⁴

373 2781 599 2841 ἀντικειμένη
629 2801 693 2826 και
723 2780 832 2844 πάσῃ
865 2781 1063 2839 ἀποφάσει
1093 2770 1328 2839 κατάφασις.
1389 2787 1541 2828 Probus
1570 2787 1679 2829 dicit.
1717 2785 1836 2830 Dicit
1864 2798 1982 2844 ergo,
2013 2798 2071 2830 ox
2097 2785 2164 2831 hin
2222 2795 2246 2830 J

373 2873 642 2926 perspectum
674 2881 779 2920 esse,
813 2868 927 2910 omni
958 2867 1229 2911 affirmationi
1259 2868 1406 2926 utique
1428 2867 1478 2894 ¹⁶⁵
1517 2882 1611 2911 esse
1643 2869 2004 2913 contradicentem
2033 2880 2210 2928 nege·
2207 2887 2245 2912 a·

371 2949 552 3003 tionem3
580 2947 586 3006 Ι
613 2947 714 2990 item
745 2955 886 2992 autem
917 2950 1044 2994 etiam
1074 2950 1293 3008 negationi
1324 2950 1665 2994 affirmationem.

1008 3034 1192 3088 Explicit
1219 3035 1340 3076 sectio
1363 3035 1517 3089 prima.
2146 3076 2150 3084 ,
2175 3071 2178 3073 Α
2199 3083 2209 3095 Γ

489 3114 565 3141 ¹¹⁰*
583 3116 713 3157 Porro
742 3117 861 3158 sectio
890 3117 1064 3159 secunda
1095 3117 1191 3158 libri
1221 3117 1269 3158 de
1291 3116 1455 3171 protasi
1483 3118 1569 3158 eius
1597 3117 1704 3172 quod
1725 3117 1899 3172 positum
1927 3120 1988 3160 eet
2013 3121 2053 3160 σε
2115 3142 2119 3146 «

371 3199 478 3254 quod
503 3198 629 3240 solum
650 3198 928 3251 praedicatur.
1959 3255 1961 3258 Α
2091 3194 2098 3208 ‘
2122 3196 2127 3204 ⁴

489 3277 744 3332 Quaerimus
760 3279 811 3306 ²⁶⁶
841 3285 982 3324 autem
1013 3285 1112 3323 ante
1142 3279 1255 3324 hanc
1285 3278 1520 3324 sectionem
1548 3279 1632 3324 tria
1660 3277 1922 3339 quaedam,
2017 3276 2094 3331 ’Ἢ
2109 3257 2139 3316 2'

370 3366 473 3406 eunt
506 3356 632 3452 nobis
661 3359 708 3403 in
737 3373 802 3404 ea.
839 3359 862 3453 1.
881 3360 968 3416 Qui
997 3361 1085 3406 sint
1111 3359 1279 3405 numeri
1307 3361 1562 3419 protasium,
1584 3362 1676 3425 qu}
1694 3330 2062 3429 mu]
