<?xml version="1.0" encoding="UTF-8"?>
<!DOCTYPE html PUBLIC "-//W3C//DTD XHTML 1.0 Transitional//EN"
    "http://www.w3.org/TR/xhtml1/DTD/xhtml1-transitional.dtd">
<html xmlns="http://www.w3.org/1999/xhtml" xml:lang="en" lang="en">
 <head>
  <title>
</title>
<meta http-equiv="Content-Type" content="text/html;charset=utf-8" />
  <meta name='ocr-system' content='tesseract 3.04.00' />
  <meta name='ocr-capabilities' content='ocr_page ocr_carea ocr_par ocr_line ocrx_word'/>
</head>
<body>
  <div class='ocr_page' id='page_1' title='image "./dehermeneuticis00hoffuoft_0114.png"; bbox 0 0 2274 3762; ppageno 0'>
   <div class='ocr_carea' id='block_1_1' title="bbox 1497 0 2274 946">
    <p class='ocr_par' dir='ltr' id='par_1_1' title="bbox 1497 0 2274 946">
     <span class='ocr_line' id='line_1_1' title="bbox 1497 0 2274 946; baseline 0 -586"><span class='ocrx_word' id='word_1_1' title='bbox 1497 0 2274 946; x_wconf 95' lang='lat' dir='ltr'><strong>    </strong></span> 
     </span>
    </p>
   </div>
   <div class='ocr_carea' id='block_1_2' title="bbox 354 271 409 314">
    <p class='ocr_par' dir='ltr' id='par_1_2' title="bbox 354 271 409 314">
     <span class='ocr_line' id='line_1_2' title="bbox 354 271 409 314; baseline 0.018 -1"><span class='ocrx_word' id='word_1_2' title='bbox 354 271 409 314; x_wconf 87' lang='grc'><strong>98</strong></span> 
     </span>
    </p>
   </div>
   <div class='ocr_carea' id='block_1_3' title="bbox 350 390 2274 2110">
    <p class='ocr_par' dir='ltr' id='par_1_3' title="bbox 350 390 2233 698">
     <span class='ocr_line' id='line_1_3' title="bbox 352 390 2141 454; baseline 0.003 -22"><span class='ocrx_word' id='word_1_3' title='bbox 352 390 506 434; x_wconf 82' lang='lat' dir='ltr'><strong>omisit.</strong></span> <span class='ocrx_word' id='word_1_4' title='bbox 567 391 634 434; x_wconf 92' lang='lat' dir='ltr'><strong>Ac</strong></span> <span class='ocrx_word' id='word_1_5' title='bbox 665 392 989 450; x_wconf 80' lang='lat' dir='ltr'><strong>respondemus:</strong></span> <span class='ocrx_word' id='word_1_6' title='bbox 1033 393 1144 437; x_wconf 86' lang='lat' dir='ltr'><strong>Illud</strong></span> <span class='ocrx_word' id='word_1_7' title='bbox 1174 413 1256 437; x_wconf 79' lang='grc' dir='ltr'><em>ανευ</em></span> <span class='ocrx_word' id='word_1_8' title='bbox 1280 391 1420 449; x_wconf 80' lang='grc' dir='ltr'>χρόνου</span> <span class='ocrx_word' id='word_1_9' title='bbox 1449 393 1546 439; x_wconf 88' lang='lat' dir='ltr'><strong>ideo</strong></span> <span class='ocrx_word' id='word_1_10' title='bbox 1577 393 1758 454; x_wconf 81' lang='lat' dir='ltr'><strong>positum</strong></span> <span class='ocrx_word' id='word_1_11' title='bbox 1791 401 1867 446; x_wconf 82' lang='lat' dir='ltr'><strong>est,</strong></span> <span class='ocrx_word' id='word_1_12' title='bbox 1897 400 1945 439; x_wconf 84' lang='lat' dir='ltr'><strong>ut</strong></span> <span class='ocrx_word' id='word_1_13' title='bbox 1974 393 2141 439; x_wconf 55' lang='lat' dir='ltr'><strong>omittat</strong></span> 
     </span>
     <span class='ocr_line' id='line_1_4' title="bbox 351 474 2233 536; baseline 0.001 -20"><span class='ocrx_word' id='word_1_14' title='bbox 351 483 479 518; x_wconf 80' lang='lat' dir='ltr'><strong>voces</strong></span> <span class='ocrx_word' id='word_1_15' title='bbox 505 474 512 531; x_wconf 89' lang='grc' dir='ltr'>Ι</span> <span class='ocrx_word' id='word_1_16' title='bbox 540 489 610 517; x_wconf 83' lang='lat' dir='ltr'><strong>eas</strong></span> <span class='ocrx_word' id='word_1_17' title='bbox 642 491 750 532; x_wconf 84' lang='lat' dir='ltr'><strong>quae</strong></span> <span class='ocrx_word' id='word_1_18' title='bbox 782 491 877 518; x_wconf 91' lang='lat' dir='ltr'><strong>cum</strong></span> <span class='ocrx_word' id='word_1_19' title='bbox 906 476 1072 519; x_wconf 90' lang='lat' dir='ltr'><strong>actione</strong></span> <span class='ocrx_word' id='word_1_20' title='bbox 1103 484 1268 535; x_wconf 88' lang='lat' dir='ltr'><strong>tempus</strong></span> <span class='ocrx_word' id='word_1_21' title='bbox 1297 477 1558 536; x_wconf 54' lang='lat' dir='ltr'><strong>significarim</strong></span> <span class='ocrx_word' id='word_1_22' title='bbox 1586 494 1636 522; x_wconf 76' lang='lat' dir='ltr'><strong>ac</strong></span> <span class='ocrx_word' id='word_1_23' title='bbox 1669 478 1702 521; x_wconf 86' lang='lat' dir='ltr'><strong>si</strong></span> <span class='ocrx_word' id='word_1_24' title='bbox 1733 478 1848 522; x_wconf 86' lang='lat' dir='ltr'><strong>dicat</strong></span> <span class='ocrx_word' id='word_1_25' title='bbox 1878 478 1991 536; x_wconf 82' lang='lat' dir='ltr'><strong>quis:</strong></span> <span class='ocrx_word' id='word_1_26' title='bbox 2022 491 2233 533; x_wconf 63' lang='lat' dir='ltr'><strong>‚con-:mo</strong></span> 
     </span>
     <span class='ocr_line' id='line_1_5' title="bbox 350 557 2138 619; baseline 0.003 -20"><span class='ocrx_word' id='word_1_27' title='bbox 350 557 480 600; x_wconf 75' lang='lat' dir='ltr'><strong>valui‘</strong></span> <span class='ocrx_word' id='word_1_28' title='bbox 490 574 500 612; x_wconf 82' lang='lat'>3</span> <span class='ocrx_word' id='word_1_29' title='bbox 534 573 627 600; x_wconf 90' lang='lat' dir='ltr'><strong>cum</strong></span> <span class='ocrx_word' id='word_1_30' title='bbox 658 558 899 602; x_wconf 90' lang='lat' dir='ltr'><strong>valetudine</strong></span> <span class='ocrx_word' id='word_1_31' title='bbox 931 559 1041 602; x_wconf 91' lang='lat' dir='ltr'><strong>enim</strong></span> <span class='ocrx_word' id='word_1_32' title='bbox 1074 561 1201 602; x_wconf 86' lang='lat' dir='ltr'><strong>etiam</strong></span> <span class='ocrx_word' id='word_1_33' title='bbox 1230 566 1399 618; x_wconf 87' lang='lat' dir='ltr'><strong>tempus</strong></span> <span class='ocrx_word' id='word_1_34' title='bbox 1430 560 1487 614; x_wconf 75' lang='lat' dir='ltr'><strong>id,</strong></span> <span class='ocrx_word' id='word_1_35' title='bbox 1531 576 1614 619; x_wconf 85' lang='lat' dir='ltr'><strong>quo</strong></span> <span class='ocrx_word' id='word_1_36' title='bbox 1645 562 1758 605; x_wconf 74' lang='lat' dir='ltr'><strong>facta</strong></span> <span class='ocrx_word' id='word_1_37' title='bbox 1797 568 1863 604; x_wconf 84' lang='lat' dir='ltr'><strong>est</strong></span> <span class='ocrx_word' id='word_1_38' title='bbox 1893 559 2138 619; x_wconf 61' lang='lat' dir='ltr'><strong>[valetudoL</strong></span> 
     </span>
     <span class='ocr_line' id='line_1_6' title="bbox 351 640 2139 698; baseline 0.002 -17"><span class='ocrx_word' id='word_1_39' title='bbox 351 640 574 696; x_wconf 84' lang='lat' dir='ltr'><strong>significat.</strong></span> <span class='ocrx_word' id='word_1_40' title='bbox 629 642 779 698; x_wconf 84' lang='lat' dir='ltr'><strong>Itaque</strong></span> <span class='ocrx_word' id='word_1_41' title='bbox 811 657 895 683; x_wconf 92' lang='lat' dir='ltr'><strong>non</strong></span> <span class='ocrx_word' id='word_1_42' title='bbox 929 643 1172 685; x_wconf 70' lang='lat' dir='ltr'><strong>omittit¹²4r</strong></span> <span class='ocrx_word' id='word_1_43' title='bbox 1196 642 1383 686; x_wconf 87' lang='lat' dir='ltr'><strong>definitio</strong></span> <span class='ocrx_word' id='word_1_44' title='bbox 1416 643 1658 687; x_wconf 84' lang='lat' dir='ltr'><strong>hesternum</strong></span> <span class='ocrx_word' id='word_1_45' title='bbox 1690 650 1732 686; x_wconf 90' lang='lat' dir='ltr'><strong>et</strong></span> <span class='ocrx_word' id='word_1_46' title='bbox 1762 643 1938 687; x_wconf 87' lang='lat' dir='ltr'><strong>nudium</strong></span> <span class='ocrx_word' id='word_1_47' title='bbox 1969 642 2139 687; x_wconf 60' lang='lat' dir='ltr'><strong>tertium</strong></span> 
     </span>
    </p>

    <p class='ocr_par' dir='ltr' id='par_1_4' title="bbox 350 715 2274 2110">
     <span class='ocr_line' id='line_1_7' title="bbox 351 715 2137 783; baseline 0.001 -18"><span class='ocrx_word' id='word_1_48' title='bbox 351 729 393 765; x_wconf 86' lang='lat' dir='ltr'><strong>et</strong></span> <span class='ocrx_word' id='word_1_49' title='bbox 425 739 580 766; x_wconf 89' lang='lat' dir='ltr'><strong>annum</strong></span> <span class='ocrx_word' id='word_1_50' title='bbox 615 724 873 781; x_wconf 83' lang='lat' dir='ltr'><strong>superiorem</strong></span> <span class='ocrx_word' id='word_1_51' title='bbox 915 732 957 767; x_wconf 88' lang='lat' dir='ltr'><strong>et</strong></span> <span class='ocrx_word' id='word_1_52' title='bbox 987 724 1142 767; x_wconf 85' lang='lat' dir='ltr'>similia</span> <span class='ocrx_word' id='word_1_53' title='bbox 1180 741 1256 783; x_wconf 89' lang='lat' dir='ltr'><strong>per</strong></span> <span class='ocrx_word' id='word_1_54' title='bbox 1294 725 1397 769; x_wconf 81' lang='lat' dir='ltr'><strong>illud</strong></span> <span class='ocrx_word' id='word_1_55' title='bbox 1430 715 1512 768; x_wconf 63' lang='grc' dir='ltr'><strong>ἄνευ</strong></span> <span class='ocrx_word' id='word_1_56' title='bbox 1545 724 1694 780; x_wconf 77' lang='grc' dir='ltr'><em>χρόνου.</em></span> <span class='ocrx_word' id='word_1_57' title='bbox 1755 726 1878 770; x_wconf 79' lang='lat' dir='ltr'><strong>Haec</strong></span> <span class='ocrx_word' id='word_1_58' title='bbox 1910 725 2021 769; x_wconf 88' lang='lat' dir='ltr'><strong>enim</strong></span> <span class='ocrx_word' id='word_1_59' title='bbox 2051 740 2137 768; x_wconf 81' lang='lat' dir='ltr'><strong>non</strong></span> 
     </span>
     <span class='ocr_line' id='line_1_8' title="bbox 350 807 2138 867; baseline 0.003 -19"><span class='ocrx_word' id='word_1_60' title='bbox 350 807 560 849; x_wconf 80' lang='lat' dir='ltr'>actionem</span> <span class='ocrx_word' id='word_1_61' title='bbox 602 822 697 849; x_wconf 87' lang='lat' dir='ltr'><strong>cum</strong></span> <span class='ocrx_word' id='word_1_62' title='bbox 746 817 934 864; x_wconf 84' lang='lat' dir='ltr'><strong>tempore</strong></span> <span class='ocrx_word' id='word_1_63' title='bbox 974 807 1240 865; x_wconf 79' lang='lat' dir='ltr'><strong>significant,</strong></span> <span class='ocrx_word' id='word_1_64' title='bbox 1288 808 1361 851; x_wconf 84' lang='lat' dir='ltr'><strong>sed</strong></span> <span class='ocrx_word' id='word_1_65' title='bbox 1402 815 1568 867; x_wconf 84' lang='lat' dir='ltr'><strong>tempus</strong></span> <span class='ocrx_word' id='word_1_66' title='bbox 1615 810 1762 853; x_wconf 88' lang='lat' dir='ltr'><strong>solum.</strong></span> <span class='ocrx_word' id='word_1_67' title='bbox 1903 809 1970 852; x_wconf 92' lang='lat' dir='ltr'><strong>Ac</strong></span> <span class='ocrx_word' id='word_1_68' title='bbox 2013 824 2138 867; x_wconf 85' lang='lat' dir='ltr'><strong>porro</strong></span> 
     </span>
     <span class='ocr_line' id='line_1_9' title="bbox 351 889 2191 950; baseline 0.002 -19"><span class='ocrx_word' id='word_1_69' title='bbox 351 889 508 943; x_wconf 86' lang='lat' dir='ltr'><strong>dicunt,</strong></span> <span class='ocrx_word' id='word_1_70' title='bbox 525 890 558 915; x_wconf 72' lang='lat'><strong>5⁶</strong></span> <span class='ocrx_word' id='word_1_71' title='bbox 596 891 749 933; x_wconf 87' lang='lat' dir='ltr'><strong>falsum</strong></span> <span class='ocrx_word' id='word_1_72' title='bbox 787 890 966 941; x_wconf 80' lang='lat' dir='ltr'><strong>dixisse,</strong></span> <span class='ocrx_word' id='word_1_73' title='bbox 995 890 1000 947; x_wconf 95' lang='grc' dir='ltr'>Ι</span> <span class='ocrx_word' id='word_1_74' title='bbox 1029 891 1099 948; x_wconf 88' lang='lat' dir='ltr'><strong>qui</strong></span> <span class='ocrx_word' id='word_1_75' title='bbox 1141 891 1315 934; x_wconf 81' lang='lat' dir='ltr'><strong>dixerit:</strong></span> <span class='ocrx_word' id='word_1_76' title='bbox 1355 891 1469 946; x_wconf 84' lang='lat' dir='ltr'><strong>‚dum</strong></span> <span class='ocrx_word' id='word_1_77' title='bbox 1508 899 1728 950; x_wconf 83' lang='lat' dir='ltr'><strong>separatur</strong></span> <span class='ocrx_word' id='word_1_78' title='bbox 1768 908 1852 936; x_wconf 86' lang='lat' dir='ltr'><strong>una</strong></span> <span class='ocrx_word' id='word_1_79' title='bbox 1891 908 1916 936; x_wconf 89' lang='lat' dir='ltr'><strong>e</strong></span> <span class='ocrx_word' id='word_1_80' title='bbox 1950 893 2139 950; x_wconf 84' lang='lat' dir='ltr'><strong>partibus</strong></span> <span class='ocrx_word' id='word_1_81' title='bbox 2157 902 2191 928; x_wconf 77' lang='lat'><strong>2⁵</strong></span> 
     </span>
     <span class='ocr_line' id='line_1_10' title="bbox 351 951 2274 1034; baseline 0.002 -19"><span class='ocrx_word' id='word_1_82' title='bbox 351 972 460 1024; x_wconf 85' lang='lat' dir='ltr'><strong>eius,</strong></span> <span class='ocrx_word' id='word_1_83' title='bbox 493 973 597 1015; x_wconf 92' lang='lat' dir='ltr'><strong>nihil</strong></span> <span class='ocrx_word' id='word_1_84' title='bbox 637 972 874 1030; x_wconf 83' lang='lat' dir='ltr'><strong>significat‘.</strong></span> <span class='ocrx_word' id='word_1_85' title='bbox 938 972 1029 1015; x_wconf 87' lang='lat' dir='ltr'><strong>Iam</strong></span> <span class='ocrx_word' id='word_1_86' title='bbox 1062 974 1174 1016; x_wconf 91' lang='lat' dir='ltr'><strong>enim</strong></span> <span class='ocrx_word' id='word_1_87' title='bbox 1206 974 1248 1016; x_wconf 89' lang='lat' dir='ltr'><strong>in</strong></span> <span class='ocrx_word' id='word_1_88' title='bbox 1280 978 1522 1027; x_wconf 50' lang='lat' dir='ltr'><strong>dign-,Q</strong></span> <span class='ocrx_word' id='word_1_89' title='bbox 1556 974 1625 1033; x_wconf 89' lang='lat'><strong>[=</strong></span> <span class='ocrx_word' id='word_1_90' title='bbox 1649 974 1733 1033; x_wconf 78' lang='grc' dir='ltr'>μῦς]</span> <span class='ocrx_word' id='word_1_91' title='bbox 1773 979 1887 1028; x_wconf 54' lang='grc' dir='ltr'><strong>«ἧς,</strong></span> <span class='ocrx_word' id='word_1_92' title='bbox 1912 975 1983 1034; x_wconf 75' lang='lat' dir='ltr'><strong>[z</strong></span> <span class='ocrx_word' id='word_1_93' title='bbox 2012 973 2140 1033; x_wconf 88' lang='lat' dir='ltr'><strong>filius]</strong></span> <span class='ocrx_word' id='word_1_94' title='bbox 2268 951 2274 1031; x_wconf 75' lang='grc' dir='ltr'>Ι</span> 
     </span>
     <span class='ocr_line' id='line_1_11' title="bbox 351 1035 2274 1137; baseline 0.003 -40"><span class='ocrx_word' id='word_1_95' title='bbox 351 1070 447 1112; x_wconf 89' lang='lat' dir='ltr'><strong>pars</strong></span> <span class='ocrx_word' id='word_1_96' title='bbox 482 1062 555 1105; x_wconf 71' lang='lat' dir='ltr'><strong>est,</strong></span> <span class='ocrx_word' id='word_1_97' title='bbox 589 1071 696 1112; x_wconf 89' lang='lat' dir='ltr'><strong>quae</strong></span> <span class='ocrx_word' id='word_1_98' title='bbox 730 1056 940 1113; x_wconf 86' lang='lat' dir='ltr'><strong>significat</strong></span> <span class='ocrx_word' id='word_1_99' title='bbox 980 1056 1152 1114; x_wconf 85' lang='lat' dir='ltr'><strong>aliquid.</strong></span> <span class='ocrx_word' id='word_1_100' title='bbox 1224 1056 1282 1099; x_wconf 84' lang='lat' dir='ltr'><strong>Et</strong></span> <span class='ocrx_word' id='word_1_101' title='bbox 1312 1057 1637 1115; x_wconf 80' lang='lat' dir='ltr'><strong>respondemus:</strong></span> <span class='ocrx_word' id='word_1_102' title='bbox 1679 1059 1781 1111; x_wconf 74' lang='lat' dir='ltr'><strong>,bra‘</strong></span> <span class='ocrx_word' id='word_1_103' title='bbox 1821 1058 1933 1116; x_wconf 85' lang='lat' dir='ltr'><strong>apud</strong></span> <span class='ocrx_word' id='word_1_104' title='bbox 1973 1053 2139 1116; x_wconf 60' lang='lat' dir='ltr'><strong>Juqbra‘</strong></span> <span class='ocrx_word' id='word_1_105' title='bbox 2268 1035 2274 1137; x_wconf 68' lang='grc' dir='ltr'>Ι</span> 
     </span>
     <span class='ocr_line' id='line_1_12' title="bbox 352 1135 2274 1198; baseline 0.002 -17"><span class='ocrx_word' id='word_1_106' title='bbox 352 1147 592 1196; x_wconf 85' lang='lat' dir='ltr'><strong>separatum</strong></span> <span class='ocrx_word' id='word_1_107' title='bbox 631 1139 690 1181; x_wconf 88' lang='lat' dir='ltr'><strong>nil</strong></span> <span class='ocrx_word' id='word_1_108' title='bbox 731 1139 983 1196; x_wconf 84' lang='lat' dir='ltr'><strong>significare.</strong></span> <span class='ocrx_word' id='word_1_109' title='bbox 1046 1139 1107 1183; x_wconf 88' lang='lat' dir='ltr'><strong>Ut</strong></span> <span class='ocrx_word' id='word_1_110' title='bbox 1146 1139 1257 1182; x_wconf 89' lang='lat' dir='ltr'><strong>enim</strong></span> <span class='ocrx_word' id='word_1_111' title='bbox 1297 1135 1385 1197; x_wconf 60' lang='lat' dir='ltr'><strong>{uq‘</strong></span> <span class='ocrx_word' id='word_1_112' title='bbox 1427 1139 1538 1198; x_wconf 89' lang='lat' dir='ltr'><strong>apud</strong></span> <span class='ocrx_word' id='word_1_113' title='bbox 1570 1135 1734 1198; x_wconf 73' lang='lat' dir='ltr'><strong>‚‘fiqbra‘</strong></span> <span class='ocrx_word' id='word_1_114' title='bbox 1767 1147 2007 1198; x_wconf 83' lang='lat' dir='ltr'><strong>separatum</strong></span> <span class='ocrx_word' id='word_1_115' title='bbox 2036 1140 2139 1183; x_wconf 88' lang='lat' dir='ltr'><strong>nihil</strong></span> <span class='ocrx_word' id='word_1_116' title='bbox 2272 1158 2274 1163; x_wconf 95' lang='lat'>·</span> 
     </span>
     <span class='ocr_line' id='line_1_13' title="bbox 352 1221 2192 1282; baseline 0.002 -18"><span class='ocrx_word' id='word_1_117' title='bbox 352 1222 583 1279; x_wconf 77' lang='lat' dir='ltr'><strong>significat,</strong></span> <span class='ocrx_word' id='word_1_118' title='bbox 605 1271 612 1280; x_wconf 40' lang='lat'><em>,</em></span> <span class='ocrx_word' id='word_1_119' title='bbox 634 1223 690 1266; x_wconf 86' lang='lat' dir='ltr'><strong>ita</strong></span> <span class='ocrx_word' id='word_1_120' title='bbox 737 1239 815 1265; x_wconf 89' lang='lat' dir='ltr'><strong>nec</strong></span> <span class='ocrx_word' id='word_1_121' title='bbox 864 1223 981 1277; x_wconf 49' lang='lat' dir='ltr'><strong>,bran</strong></span> <span class='ocrx_word' id='word_1_122' title='bbox 1056 1222 1122 1265; x_wconf 89' lang='lat' dir='ltr'><strong>Ac</strong></span> <span class='ocrx_word' id='word_1_123' title='bbox 1159 1238 1284 1280; x_wconf 87' lang='lat' dir='ltr'><strong>porro</strong></span> <span class='ocrx_word' id='word_1_124' title='bbox 1316 1222 1481 1266; x_wconf 89' lang='lat' dir='ltr'><strong>dicunt:</strong></span> <span class='ocrx_word' id='word_1_125' title='bbox 1511 1221 1517 1280; x_wconf 95' lang='grc' dir='ltr'>Ι</span> <span class='ocrx_word' id='word_1_126' title='bbox 1544 1223 1611 1266; x_wconf 84' lang='grc' dir='ltr'><strong>Ν6</strong></span> <span class='ocrx_word' id='word_1_127' title='bbox 1644 1223 1932 1267; x_wconf 86' lang='lat' dir='ltr'><strong>definitionem</strong></span> <span class='ocrx_word' id='word_1_128' title='bbox 1971 1221 2139 1282; x_wconf 85' lang='lat' dir='ltr'><strong>quidem</strong></span> <span class='ocrx_word' id='word_1_129' title='bbox 2159 1237 2192 1261; x_wconf 77' lang='lat'><strong>³⁰</strong></span> 
     </span>
     <span class='ocr_line' id='line_1_14' title="bbox 352 1304 2139 1362; baseline -0.001 -13"><span class='ocrx_word' id='word_1_130' title='bbox 352 1321 444 1349; x_wconf 88' lang='lat' dir='ltr'><strong>esse</strong></span> <span class='ocrx_word' id='word_1_131' title='bbox 475 1305 607 1360; x_wconf 80' lang='lat' dir='ltr'><strong>hanc;</strong></span> <span class='ocrx_word' id='word_1_132' title='bbox 650 1321 817 1348; x_wconf 90' lang='lat' dir='ltr'><strong>omnem</strong></span> <span class='ocrx_word' id='word_1_133' title='bbox 831 1306 863 1330; x_wconf 83' lang='lat'><strong>⁵⁷</strong></span> <span class='ocrx_word' id='word_1_134' title='bbox 897 1305 1007 1348; x_wconf 90' lang='lat' dir='ltr'><strong>enim</strong></span> <span class='ocrx_word' id='word_1_135' title='bbox 1040 1304 1328 1347; x_wconf 86' lang='lat' dir='ltr'><strong>definitionem</strong></span> <span class='ocrx_word' id='word_1_136' title='bbox 1369 1321 1390 1347; x_wconf 91' lang='grc'><strong>6</strong></span> <span class='ocrx_word' id='word_1_137' title='bbox 1429 1321 1585 1362; x_wconf 80' lang='lat' dir='ltr'><strong>genere</strong></span> <span class='ocrx_word' id='word_1_138' title='bbox 1625 1313 1666 1348; x_wconf 85' lang='lat' dir='ltr'><strong>et</strong></span> <span class='ocrx_word' id='word_1_139' title='bbox 1697 1322 1719 1349; x_wconf 88' lang='grc'><strong>6</strong></span> <span class='ocrx_word' id='word_1_140' title='bbox 1760 1306 1998 1350; x_wconf 82' lang='lat' dir='ltr'><strong>differentia</strong></span> <span class='ocrx_word' id='word_1_141' title='bbox 2027 1306 2139 1361; x_wconf 87' lang='lat' dir='ltr'><strong>fieri3</strong></span> 
     </span>
     <span class='ocr_line' id='line_1_15' title="bbox 352 1385 2141 1446; baseline 0.001 -16"><span class='ocrx_word' id='word_1_142' title='bbox 352 1385 473 1445; x_wconf 77' lang='grc' dir='ltr'>φωνὴν</span> <span class='ocrx_word' id='word_1_143' title='bbox 510 1389 621 1431; x_wconf 86' lang='lat' dir='ltr'><strong>enim</strong></span> <span class='ocrx_word' id='word_1_144' title='bbox 654 1404 739 1431; x_wconf 91' lang='lat' dir='ltr'><strong>non</strong></span> <span class='ocrx_word' id='word_1_145' title='bbox 774 1403 899 1446; x_wconf 82' lang='lat' dir='ltr'><strong>posse</strong></span> <span class='ocrx_word' id='word_1_146' title='bbox 938 1388 1146 1446; x_wconf 83' lang='lat' dir='ltr'>prolatam</span> <span class='ocrx_word' id='word_1_147' title='bbox 1188 1402 1280 1430; x_wconf 89' lang='lat' dir='ltr'><strong>esse</strong></span> <span class='ocrx_word' id='word_1_148' title='bbox 1318 1387 1359 1429; x_wconf 94' lang='lat' dir='ltr'><strong>h.</strong></span> <span class='ocrx_word' id='word_1_149' title='bbox 1393 1387 1418 1429; x_wconf 90' lang='lat' dir='ltr'><strong>l.</strong></span> <span class='ocrx_word' id='word_1_150' title='bbox 1451 1404 1526 1446; x_wconf 91' lang='lat' dir='ltr'><strong>pro</strong></span> <span class='ocrx_word' id='word_1_151' title='bbox 1559 1403 1737 1445; x_wconf 73' lang='lat' dir='ltr'><strong>genere,</strong></span> <span class='ocrx_word' id='word_1_152' title='bbox 1779 1389 2025 1446; x_wconf 81' lang='lat' dir='ltr'><strong>quoniam⁵⁸</strong></span> <span class='ocrx_word' id='word_1_153' title='bbox 2056 1403 2141 1432; x_wconf 83' lang='lat' dir='ltr'><strong>vox</strong></span> 
     </span>
     <span class='ocr_line' id='line_1_16' title="bbox 350 1470 2140 1530; baseline 0.001 -16"><span class='ocrx_word' id='word_1_154' title='bbox 350 1472 598 1515; x_wconf 83' lang='lat' dir='ltr'><strong>naturaliter</strong></span> <span class='ocrx_word' id='word_1_155' title='bbox 619 1473 671 1514; x_wconf 91' lang='lat' dir='ltr'><strong>sit</strong></span> <span class='ocrx_word' id='word_1_156' title='bbox 695 1472 860 1529; x_wconf 86' lang='lat' dir='ltr'><strong>cuique,</strong></span> <span class='ocrx_word' id='word_1_157' title='bbox 895 1471 961 1514; x_wconf 91' lang='lat' dir='ltr'><strong>cui</strong></span> <span class='ocrx_word' id='word_1_158' title='bbox 984 1486 1069 1514; x_wconf 88' lang='lat' dir='ltr'><strong>vox</strong></span> <span class='ocrx_word' id='word_1_159' title='bbox 1091 1471 1166 1526; x_wconf 82' lang='lat' dir='ltr'><strong>sit3</strong></span> <span class='ocrx_word' id='word_1_160' title='bbox 1198 1486 1457 1529; x_wconf 82' lang='lat' dir='ltr'><strong>necesseque</strong></span> <span class='ocrx_word' id='word_1_161' title='bbox 1489 1478 1613 1525; x_wconf 88' lang='lat' dir='ltr'><strong>esset,</strong></span> <span class='ocrx_word' id='word_1_162' title='bbox 1647 1472 1680 1514; x_wconf 86' lang='lat' dir='ltr'><strong>si</strong></span> <span class='ocrx_word' id='word_1_163' title='bbox 1714 1470 1825 1530; x_wconf 84' lang='lat' dir='ltr'>[vox]</span> <span class='ocrx_word' id='word_1_164' title='bbox 1849 1487 1983 1530; x_wconf 88' lang='lat' dir='ltr'><strong>genus</strong></span> <span class='ocrx_word' id='word_1_165' title='bbox 2015 1478 2140 1526; x_wconf 80' lang='lat' dir='ltr'><strong>esset,</strong></span> 
     </span>
     <span class='ocr_line' id='line_1_17' title="bbox 352 1552 2142 1612; baseline -0.001 -15"><span class='ocrx_word' id='word_1_166' title='bbox 352 1554 559 1612; x_wconf 91' lang='lat' dir='ltr'><strong>quidquid</strong></span> <span class='ocrx_word' id='word_1_167' title='bbox 590 1555 909 1611; x_wconf 81' lang='lat' dir='ltr'><strong>praedicaretur</strong></span> <span class='ocrx_word' id='word_1_168' title='bbox 939 1554 990 1597; x_wconf 93' lang='lat' dir='ltr'><strong>de</strong></span> <span class='ocrx_word' id='word_1_169' title='bbox 1023 1570 1094 1606; x_wconf 82' lang='lat' dir='ltr'><strong>ea,</strong></span> <span class='ocrx_word' id='word_1_170' title='bbox 1137 1553 1265 1596; x_wconf 85' lang='lat' dir='ltr'><strong>etiam</strong></span> <span class='ocrx_word' id='word_1_171' title='bbox 1297 1552 1351 1595; x_wconf 89' lang='lat' dir='ltr'><strong>ad</strong></span> <span class='ocrx_word' id='word_1_172' title='bbox 1383 1568 1537 1597; x_wconf 87' lang='lat' dir='ltr'><strong>nomen</strong></span> <span class='ocrx_word' id='word_1_173' title='bbox 1576 1554 1808 1612; x_wconf 88' lang='lat' dir='ltr'><strong>pertinere,</strong></span> <span class='ocrx_word' id='word_1_174' title='bbox 1847 1561 1889 1597; x_wconf 90' lang='lat' dir='ltr'><strong>et</strong></span> <span class='ocrx_word' id='word_1_175' title='bbox 1920 1554 2027 1598; x_wconf 87' lang='lat' dir='ltr'><strong>sicut</strong></span> <span class='ocrx_word' id='word_1_176' title='bbox 2057 1569 2142 1597; x_wconf 85' lang='lat' dir='ltr'><strong>vox</strong></span> 
     </span>
     <span class='ocr_line' id='line_1_18' title="bbox 352 1634 2142 1695; baseline 0 -15"><span class='ocrx_word' id='word_1_177' title='bbox 352 1637 556 1681; x_wconf 88' lang='lat' dir='ltr'><strong>naturalis</strong></span> <span class='ocrx_word' id='word_1_178' title='bbox 590 1637 662 1691; x_wconf 84' lang='lat' dir='ltr'><strong>sit,</strong></span> <span class='ocrx_word' id='word_1_179' title='bbox 704 1639 794 1680; x_wconf 87' lang='lat' dir='ltr'><strong>fore</strong></span> <span class='ocrx_word' id='word_1_180' title='bbox 826 1644 872 1679; x_wconf 90' lang='lat' dir='ltr'><strong>ut</strong></span> <span class='ocrx_word' id='word_1_181' title='bbox 903 1637 960 1679; x_wconf 86' lang='lat' dir='ltr'><strong>ita</strong></span> <span class='ocrx_word' id='word_1_182' title='bbox 993 1634 1313 1694; x_wconf 84' lang='lat' dir='ltr'><strong>[comparatum]</strong></span> <span class='ocrx_word' id='word_1_183' title='bbox 1347 1636 1473 1679; x_wconf 80' lang='lat' dir='ltr'><strong>otiam</strong></span> <span class='ocrx_word' id='word_1_184' title='bbox 1505 1652 1660 1680; x_wconf 88' lang='lat' dir='ltr'><strong>nomen</strong></span> <span class='ocrx_word' id='word_1_185' title='bbox 1692 1637 1959 1695; x_wconf 84' lang='lat' dir='ltr'><strong>reperiretur.</strong></span> <span class='ocrx_word' id='word_1_186' title='bbox 2020 1636 2142 1680; x_wconf 83' lang='lat' dir='ltr'><strong>Atta-</strong></span> 
     </span>
     <span class='ocr_line' id='line_1_19' title="bbox 353 1718 2143 1778; baseline -0.001 -15"><span class='ocrx_word' id='word_1_187' title='bbox 353 1736 451 1763; x_wconf 90' lang='lat' dir='ltr'><strong>men</strong></span> <span class='ocrx_word' id='word_1_188' title='bbox 489 1720 673 1778; x_wconf 87' lang='lat' dir='ltr'><strong>positum</strong></span> <span class='ocrx_word' id='word_1_189' title='bbox 713 1727 795 1774; x_wconf 82' lang='lat' dir='ltr'><strong>est,</strong></span> <span class='ocrx_word' id='word_1_190' title='bbox 838 1718 878 1762; x_wconf 90' lang='lat' dir='ltr'><strong>id</strong></span> <span class='ocrx_word' id='word_1_191' title='bbox 918 1720 1147 1763; x_wconf 88' lang='lat' dir='ltr'><strong>secundum</strong></span> <span class='ocrx_word' id='word_1_192' title='bbox 1189 1734 1442 1762; x_wconf 85' lang='lat' dir='ltr'><strong>consensum</strong></span> <span class='ocrx_word' id='word_1_193' title='bbox 1482 1735 1587 1763; x_wconf 87' lang='lat' dir='ltr'><strong>esse.</strong></span> <span class='ocrx_word' id='word_1_194' title='bbox 1659 1719 1843 1778; x_wconf 80' lang='lat' dir='ltr'><strong>[Itanue</strong></span> <span class='ocrx_word' id='word_1_195' title='bbox 1882 1719 2143 1763; x_wconf 87' lang='lat' dir='ltr'><strong>inveniretur</strong></span> 
     </span>
     <span class='ocr_line' id='line_1_20' title="bbox 353 1802 2143 1860; baseline 0 -15"><span class='ocrx_word' id='word_1_196' title='bbox 353 1802 467 1846; x_wconf 89' lang='lat' dir='ltr'><strong>idem</strong></span> <span class='ocrx_word' id='word_1_197' title='bbox 499 1810 541 1846; x_wconf 92' lang='lat' dir='ltr'><strong>et</strong></span> <span class='ocrx_word' id='word_1_198' title='bbox 572 1803 803 1846; x_wconf 90' lang='lat' dir='ltr'><strong>secundum</strong></span> <span class='ocrx_word' id='word_1_199' title='bbox 837 1818 1089 1846; x_wconf 83' lang='lat' dir='ltr'><strong>consensum</strong></span> <span class='ocrx_word' id='word_1_200' title='bbox 1122 1809 1163 1846; x_wconf 85' lang='lat' dir='ltr'><strong>et</strong></span> <span class='ocrx_word' id='word_1_201' title='bbox 1194 1804 1385 1846; x_wconf 85' lang='lat' dir='ltr'><strong>naturale</strong></span> <span class='ocrx_word' id='word_1_202' title='bbox 1417 1818 1521 1847; x_wconf 86' lang='lat' dir='ltr'><strong>esse.</strong></span> <span class='ocrx_word' id='word_1_203' title='bbox 1565 1804 1615 1846; x_wconf 92' lang='lat' dir='ltr'><strong>Id</strong></span> <span class='ocrx_word' id='word_1_204' title='bbox 1647 1803 1760 1860; x_wconf 87' lang='lat' dir='ltr'><strong>quod</strong></span> <span class='ocrx_word' id='word_1_205' title='bbox 1790 1802 1881 1845; x_wconf 85' lang='lat' dir='ltr'><strong>fieri</strong></span> <span class='ocrx_word' id='word_1_206' title='bbox 1904 1802 2061 1860; x_wconf 85' lang='lat' dir='ltr'><strong>nequit.</strong></span> <span class='ocrx_word' id='word_1_207' title='bbox 2086 1827 2143 1833; x_wconf 82' lang='lat'><strong>—-</strong></span> 
     </span>
     <span class='ocr_line' id='line_1_21' title="bbox 354 1872 2274 1944; baseline -0.001 -14"><span class='ocrx_word' id='word_1_208' title='bbox 354 1887 423 1930; x_wconf 91' lang='lat' dir='ltr'><strong>Ac</strong></span> <span class='ocrx_word' id='word_1_209' title='bbox 474 1886 730 1944; x_wconf 85' lang='lat' dir='ltr'><strong>respondent</strong></span> <span class='ocrx_word' id='word_1_210' title='bbox 776 1886 947 1944; x_wconf 88' lang='lat' dir='ltr'><strong>quidam</strong></span> <span class='ocrx_word' id='word_1_211' title='bbox 994 1901 1144 1929; x_wconf 90' lang='lat' dir='ltr'><strong>revera</strong></span> <span class='ocrx_word' id='word_1_212' title='bbox 1190 1885 1259 1928; x_wconf 90' lang='lat' dir='ltr'><strong>hic</strong></span> <span class='ocrx_word' id='word_1_213' title='bbox 1306 1882 1437 1940; x_wconf 48' lang='grc' dir='ltr'>,φωνῆς</span> <span class='ocrx_word' id='word_1_214' title='bbox 1475 1902 1559 1929; x_wconf 90' lang='lat' dir='ltr'><strong>non</strong></span> <span class='ocrx_word' id='word_1_215' title='bbox 1609 1893 1824 1944; x_wconf 81' lang='lat' dir='ltr'><strong>tamquam</strong></span> <span class='ocrx_word' id='word_1_216' title='bbox 1870 1901 2004 1944; x_wconf 86' lang='lat' dir='ltr'><strong>genus</strong></span> <span class='ocrx_word' id='word_1_217' title='bbox 2045 1900 2139 1944; x_wconf 87' lang='lat' dir='ltr'><strong>pro·</strong></span> <span class='ocrx_word' id='word_1_218' title='bbox 2270 1872 2274 1902; x_wconf 45' lang='grc' dir='ltr'>Ι</span> 
     </span>
     <span class='ocr_line' id='line_1_22' title="bbox 354 1936 2274 2043; baseline 0 -30"><span class='ocrx_word' id='word_1_219' title='bbox 354 1969 468 2024; x_wconf 84' lang='lat' dir='ltr'><strong>ferri,</strong></span> <span class='ocrx_word' id='word_1_220' title='bbox 502 1969 573 2012; x_wconf 88' lang='lat' dir='ltr'><strong>sed</strong></span> <span class='ocrx_word' id='word_1_221' title='bbox 606 1976 652 2012; x_wconf 91' lang='lat' dir='ltr'><strong>ut</strong></span> <span class='ocrx_word' id='word_1_222' title='bbox 682 1969 916 2012; x_wconf 87' lang='lat' dir='ltr'><strong>materiam.</strong></span> <span class='ocrx_word' id='word_1_223' title='bbox 934 1969 967 1994; x_wconf 74' lang='lat'><strong>⁵9</strong></span> <span class='ocrx_word' id='word_1_224' title='bbox 1011 1970 1069 2013; x_wconf 91' lang='lat' dir='ltr'><strong>Et</strong></span> <span class='ocrx_word' id='word_1_225' title='bbox 1100 1969 1247 2013; x_wconf 90' lang='lat' dir='ltr'><strong>dicunt</strong></span> <span class='ocrx_word' id='word_1_226' title='bbox 1278 1969 1328 2012; x_wconf 81' lang='lat' dir='ltr'><strong>iis</strong></span> <span class='ocrx_word' id='word_1_227' title='bbox 1360 1969 1420 2013; x_wconf 90' lang='lat' dir='ltr'><strong>illi</strong></span> <span class='ocrx_word' id='word_1_228' title='bbox 1453 1967 1669 2027; x_wconf 87' lang='lat' dir='ltr'><strong>[priores]:</strong></span> <span class='ocrx_word' id='word_1_229' title='bbox 1702 1968 1926 2012; x_wconf 86' lang='lat' dir='ltr'><strong>Materiam</strong></span> <span class='ocrx_word' id='word_1_230' title='bbox 1956 1985 2041 2012; x_wconf 87' lang='lat' dir='ltr'><strong>non</strong></span> <span class='ocrx_word' id='word_1_231' title='bbox 2072 1969 2143 2013; x_wconf 73' lang='lat' dir='ltr'><strong>ad·</strong></span> <span class='ocrx_word' id='word_1_232' title='bbox 2269 1936 2274 2043; x_wconf 89' lang='grc' dir='ltr'>Ι</span> 
     </span>
     <span class='ocr_line' id='line_1_23' title="bbox 355 2050 2274 2110; baseline -0.001 -15"><span class='ocrx_word' id='word_1_233' title='bbox 355 2052 544 2107; x_wconf 88' lang='lat' dir='ltr'><strong>mittere,</strong></span> <span class='ocrx_word' id='word_1_234' title='bbox 596 2058 642 2095; x_wconf 89' lang='lat' dir='ltr'><strong>ut</strong></span> <span class='ocrx_word' id='word_1_235' title='bbox 688 2052 816 2110; x_wconf 89' lang='lat' dir='ltr'><strong>ipsius</strong></span> <span class='ocrx_word' id='word_1_236' title='bbox 858 2052 1027 2095; x_wconf 86' lang='lat' dir='ltr'><strong>nomine</strong></span> <span class='ocrx_word' id='word_1_237' title='bbox 1076 2059 1250 2096; x_wconf 88' lang='lat' dir='ltr'><strong>vocetur</strong></span> <span class='ocrx_word' id='word_1_238' title='bbox 1290 2052 1333 2095; x_wconf 92' lang='lat' dir='ltr'><strong>id</strong></span> <span class='ocrx_word' id='word_1_239' title='bbox 1370 2052 1483 2109; x_wconf 90' lang='lat' dir='ltr'><strong>quod</strong></span> <span class='ocrx_word' id='word_1_240' title='bbox 1511 2052 1516 2108; x_wconf 95' lang='grc' dir='ltr'>Ι</span> <span class='ocrx_word' id='word_1_241' title='bbox 1545 2067 1597 2095; x_wconf 89' lang='lat' dir='ltr'><strong>ex</strong></span> <span class='ocrx_word' id='word_1_242' title='bbox 1636 2051 1728 2109; x_wconf 87' lang='lat' dir='ltr'><strong>ipsa</strong></span> <span class='ocrx_word' id='word_1_243' title='bbox 1767 2051 1830 2094; x_wconf 87' lang='lat' dir='ltr'><strong>sit.</strong></span> <span class='ocrx_word' id='word_1_244' title='bbox 1890 2050 1987 2094; x_wconf 91' lang='lat' dir='ltr'><strong>Non</strong></span> <span class='ocrx_word' id='word_1_245' title='bbox 2031 2050 2274 2098; x_wconf 47' lang='lat' dir='ltr'><strong>enimam-‘11</strong></span> 
     </span>
    </p>
   </div>
   <div class='ocr_carea' id='block_1_4' title="bbox 0 2050 2274 3762">
    <p class='ocr_par' dir='ltr' id='par_1_5' title="bbox 0 2050 2274 3762">
     <span class='ocr_line' id='line_1_24' title="bbox 2258 2050 2264 2205; baseline 0 0"><span class='ocrx_word' id='word_1_246' title='bbox 2258 2050 2264 2205; x_wconf 95' lang='lat' dir='ltr'><strong>  </strong></span> 
     </span>
     <span class='ocr_line' id='line_1_25' title="bbox 2254 2223 2274 2475; baseline 0 -87"><span class='ocrx_word' id='word_1_247' title='bbox 2254 2223 2274 2475; x_wconf 95' lang='lat' dir='ltr'><strong>   </strong></span> 
     </span>
     <span class='ocr_line' id='line_1_26' title="bbox 2234 2475 2274 2718; baseline 0 0"><span class='ocrx_word' id='word_1_248' title='bbox 2234 2475 2274 2718; x_wconf 95' lang='lat' dir='ltr'><strong>    </strong></span> 
     </span>
     <span class='ocr_line' id='line_1_27' title="bbox 2220 2718 2274 2883; baseline 0 -83"><span class='ocrx_word' id='word_1_249' title='bbox 2220 2718 2274 2883; x_wconf 95' lang='lat' dir='ltr'><strong>  </strong></span> 
     </span>
     <span class='ocr_line' id='line_1_28' title="bbox 2210 2883 2274 2968; baseline 0 794"><span class='ocrx_word' id='word_1_250' title='bbox 2210 2883 2274 2968; x_wconf 95' lang='lat' dir='ltr'><strong> </strong></span> 
     </span>
     <span class='ocr_line' id='line_1_29' title="bbox 2202 2968 2274 3052; baseline 0 710"><span class='ocrx_word' id='word_1_251' title='bbox 2202 2968 2274 3052; x_wconf 95' lang='lat' dir='ltr'><strong> </strong></span> 
     </span>
     <span class='ocr_line' id='line_1_30' title="bbox 2184 3052 2274 3129; baseline 0 633"><span class='ocrx_word' id='word_1_252' title='bbox 2184 3052 2274 3129; x_wconf 95' lang='lat' dir='ltr'><strong> </strong></span> 
     </span>
     <span class='ocr_line' id='line_1_31' title="bbox 2164 3129 2274 3217; baseline 0 545"><span class='ocrx_word' id='word_1_253' title='bbox 2164 3129 2274 3217; x_wconf 95' lang='lat' dir='ltr'><strong> </strong></span> 
     </span>
     <span class='ocr_line' id='line_1_32' title="bbox 1896 3217 2274 3423; baseline 0 0"><span class='ocrx_word' id='word_1_254' title='bbox 1896 3217 2274 3423; x_wconf 95' lang='lat' dir='ltr'><strong>    </strong></span> 
     </span>
     <span class='ocr_line' id='line_1_33' title="bbox 0 3423 2274 3762; baseline 0.005 -219"><span class='ocrx_word' id='word_1_255' title='bbox 0 3423 2274 3762; x_wconf 95' lang='lat' dir='ltr'><strong>      </strong></span> 
     </span>
    </p>
   </div>
   <div class='ocr_carea' id='block_1_5' title="bbox 234 2133 2244 3525">
    <p class='ocr_par' dir='ltr' id='par_1_6' title="bbox 234 2133 2244 3525">
     <span class='ocr_line' id='line_1_34' title="bbox 357 2133 2145 2194; baseline -0.001 -16"><span class='ocrx_word' id='word_1_256' title='bbox 357 2135 535 2178; x_wconf 86' lang='lat' dir='ltr'><strong>dicimus</strong></span> <span class='ocrx_word' id='word_1_257' title='bbox 576 2151 765 2178; x_wconf 87' lang='lat' dir='ltr'><strong>mensam</strong></span> <span class='ocrx_word' id='word_1_258' title='bbox 807 2135 990 2193; x_wconf 86' lang='lat' dir='ltr'><strong>lapidem</strong></span> <span class='ocrx_word' id='word_1_259' title='bbox 1030 2152 1144 2190; x_wconf 90' lang='grc'><strong>6556,</strong></span> <span class='ocrx_word' id='word_1_260' title='bbox 1187 2136 1260 2178; x_wconf 83' lang='lat' dir='ltr'><strong>sed</strong></span> <span class='ocrx_word' id='word_1_261' title='bbox 1293 2135 1516 2194; x_wconf 88' lang='lat' dir='ltr'><strong>lapideam.</strong></span> <span class='ocrx_word' id='word_1_262' title='bbox 1578 2134 1686 2177; x_wconf 89' lang='lat' dir='ltr'><strong>Item</strong></span> <span class='ocrx_word' id='word_1_263' title='bbox 1727 2134 1854 2177; x_wconf 83' lang='lat' dir='ltr'><strong>etiam</strong></span> <span class='ocrx_word' id='word_1_264' title='bbox 1885 2133 2145 2189; x_wconf 73' lang='lat' dir='ltr'><strong>thronum,⁶⁰</strong></span> 
     </span>
     <span class='ocr_line' id='line_1_35' title="bbox 358 2215 2145 2276; baseline 0 -16"><span class='ocrx_word' id='word_1_265' title='bbox 358 2224 400 2261; x_wconf 93' lang='lat' dir='ltr'><strong>et</strong></span> <span class='ocrx_word' id='word_1_266' title='bbox 432 2218 572 2260; x_wconf 89' lang='lat' dir='ltr'><strong>omnia</strong></span> <span class='ocrx_word' id='word_1_267' title='bbox 604 2234 653 2261; x_wconf 91' lang='lat' dir='ltr'><strong>ea</strong></span> <span class='ocrx_word' id='word_1_268' title='bbox 685 2234 794 2276; x_wconf 85' lang='lat' dir='ltr'><strong>quae</strong></span> <span class='ocrx_word' id='word_1_269' title='bbox 825 2226 1041 2276; x_wconf 84' lang='lat' dir='ltr'><strong>tamquam</strong></span> <span class='ocrx_word' id='word_1_270' title='bbox 1082 2219 1123 2261; x_wconf 89' lang='lat' dir='ltr'><strong>in</strong></span> <span class='ocrx_word' id='word_1_271' title='bbox 1164 2218 1340 2262; x_wconf 82' lang='lat' dir='ltr'><strong>materia</strong></span> <span class='ocrx_word' id='word_1_272' title='bbox 1378 2225 1487 2261; x_wconf 88' lang='lat' dir='ltr'><strong>sunt.</strong></span> <span class='ocrx_word' id='word_1_273' title='bbox 1524 2243 1576 2248; x_wconf 88' lang='lat'><strong>--</strong></span> <span class='ocrx_word' id='word_1_274' title='bbox 1614 2215 1700 2260; x_wconf 81' lang='lat' dir='ltr'><strong>Sed</strong></span> <span class='ocrx_word' id='word_1_275' title='bbox 1731 2233 1856 2275; x_wconf 92' lang='lat' dir='ltr'><strong>porro</strong></span> <span class='ocrx_word' id='word_1_276' title='bbox 1889 2217 2036 2260; x_wconf 89' lang='lat' dir='ltr'><strong>dicunt</strong></span> <span class='ocrx_word' id='word_1_277' title='bbox 2064 2217 2145 2260; x_wconf 82' lang='lat' dir='ltr'><strong>illi:</strong></span> 
     </span>
     <span class='ocr_line' id='line_1_36' title="bbox 357 2300 2146 2359; baseline 0 -15"><span class='ocrx_word' id='word_1_278' title='bbox 357 2300 467 2344; x_wconf 87' lang='lat' dir='ltr'><strong>Esse</strong></span> <span class='ocrx_word' id='word_1_279' title='bbox 510 2301 677 2359; x_wconf 91' lang='lat' dir='ltr'><strong>quando</strong></span> <span class='ocrx_word' id='word_1_280' title='bbox 717 2301 911 2344; x_wconf 87' lang='lat' dir='ltr'><strong>admittat</strong></span> <span class='ocrx_word' id='word_1_281' title='bbox 949 2301 1126 2345; x_wconf 80' lang='lat' dir='ltr'><strong>materia</strong></span> <span class='ocrx_word' id='word_1_282' title='bbox 1156 2307 1203 2344; x_wconf 91' lang='lat' dir='ltr'><strong>ut</strong></span> <span class='ocrx_word' id='word_1_283' title='bbox 1233 2300 1363 2359; x_wconf 87' lang='lat' dir='ltr'><strong>ipsius</strong></span> <span class='ocrx_word' id='word_1_284' title='bbox 1395 2300 1566 2344; x_wconf 90' lang='lat' dir='ltr'><strong>nomine</strong></span> <span class='ocrx_word' id='word_1_285' title='bbox 1607 2316 1674 2343; x_wconf 86' lang='lat' dir='ltr'><strong>res</strong></span> <span class='ocrx_word' id='word_1_286' title='bbox 1716 2314 1810 2355; x_wconf 83' lang='lat' dir='ltr'><strong>eae,</strong></span> <span class='ocrx_word' id='word_1_287' title='bbox 1850 2315 1960 2358; x_wconf 87' lang='lat' dir='ltr'><strong>quae</strong></span> <span class='ocrx_word' id='word_1_288' title='bbox 2001 2315 2053 2343; x_wconf 88' lang='lat' dir='ltr'><strong>ex</strong></span> <span class='ocrx_word' id='word_1_289' title='bbox 2097 2313 2146 2344; x_wconf 77' lang='lat' dir='ltr'><strong>ea</strong></span> 
     </span>
     <span class='ocr_line' id='line_1_37' title="bbox 359 2382 2145 2444; baseline -0.001 -17"><span class='ocrx_word' id='word_1_290' title='bbox 359 2384 594 2444; x_wconf 88' lang='lat' dir='ltr'><strong>[confectae</strong></span> <span class='ocrx_word' id='word_1_291' title='bbox 625 2382 751 2442; x_wconf 87' lang='lat' dir='ltr'><strong>sunt]‚</strong></span> <span class='ocrx_word' id='word_1_292' title='bbox 784 2391 1001 2427; x_wconf 83' lang='lat' dir='ltr'><strong>vocentur.</strong></span> <span class='ocrx_word' id='word_1_293' title='bbox 1062 2383 1225 2427; x_wconf 90' lang='lat' dir='ltr'><strong>Dicunt</strong></span> <span class='ocrx_word' id='word_1_294' title='bbox 1255 2383 1381 2437; x_wconf 88' lang='lat' dir='ltr'><strong>enim,</strong></span> <span class='ocrx_word' id='word_1_295' title='bbox 1396 2384 1427 2410; x_wconf 79' lang='lat'><strong>‘⁵¹</strong></span> <span class='ocrx_word' id='word_1_296' title='bbox 1460 2384 1594 2437; x_wconf 62' lang='lat' dir='ltr'><strong>lutum</strong></span> <span class='ocrx_word' id='word_1_297' title='bbox 1625 2382 1738 2440; x_wconf 89' lang='lat' dir='ltr'><strong>quod</strong></span> <span class='ocrx_word' id='word_1_298' title='bbox 1763 2398 1786 2424; x_wconf 89' lang='lat' dir='ltr'><strong>e</strong></span> <span class='ocrx_word' id='word_1_299' title='bbox 1821 2382 1999 2426; x_wconf 74' lang='lat' dir='ltr'><strong>materia</strong></span> <span class='ocrx_word' id='word_1_300' title='bbox 2027 2382 2145 2426; x_wconf 85' lang='lat' dir='ltr'><strong>humi</strong></span> 
     </span>
     <span class='ocr_line' id='line_1_38' title="bbox 360 2464 2199 2525; baseline -0.001 -15"><span class='ocrx_word' id='word_1_301' title='bbox 360 2473 402 2509; x_wconf 85' lang='lat' dir='ltr'><strong>et</strong></span> <span class='ocrx_word' id='word_1_302' title='bbox 441 2482 578 2525; x_wconf 88' lang='lat' dir='ltr'><strong>aquae</strong></span> <span class='ocrx_word' id='word_1_303' title='bbox 617 2474 700 2519; x_wconf 88' lang='lat' dir='ltr'><strong>est,</strong></span> <span class='ocrx_word' id='word_1_304' title='bbox 741 2465 823 2508; x_wconf 89' lang='lat' dir='ltr'><strong>dici</strong></span> <span class='ocrx_word' id='word_1_305' title='bbox 864 2466 1029 2519; x_wconf 89' lang='lat' dir='ltr'><strong>,humus</strong></span> <span class='ocrx_word' id='word_1_306' title='bbox 1057 2465 1062 2522; x_wconf 95' lang='grc' dir='ltr'>Ι</span> <span class='ocrx_word' id='word_1_307' title='bbox 1090 2467 1312 2523; x_wconf 85' lang='lat' dir='ltr'><strong>aquaque‘.</strong></span> <span class='ocrx_word' id='word_1_308' title='bbox 1351 2490 1409 2497; x_wconf 94' lang='lat'>—</span> <span class='ocrx_word' id='word_1_309' title='bbox 1446 2464 1533 2508; x_wconf 83' lang='lat' dir='ltr'><strong>Sed</strong></span> <span class='ocrx_word' id='word_1_310' title='bbox 1573 2466 1680 2508; x_wconf 83' lang='lat' dir='ltr'><strong>falso</strong></span> <span class='ocrx_word' id='word_1_311' title='bbox 1719 2465 1926 2509; x_wconf 85' lang='lat' dir='ltr'><strong>dixerunt.</strong></span> <span class='ocrx_word' id='word_1_312' title='bbox 1987 2465 2145 2509; x_wconf 84' lang='lat' dir='ltr'><strong>Lutum</strong></span> <span class='ocrx_word' id='word_1_313' title='bbox 2165 2476 2199 2502; x_wconf 76' lang='lat'><strong>1⁰</strong></span> 
     </span>
     <span class='ocr_line' id='line_1_39' title="bbox 361 2528 2148 2606; baseline -0.001 -14"><span class='ocrx_word' id='word_1_314' title='bbox 361 2528 473 2592; x_wconf 84' lang='lat' dir='ltr'><strong>enim</strong></span> <span class='ocrx_word' id='word_1_315' title='bbox 511 2555 576 2591; x_wconf 86' lang='lat' dir='ltr'><strong>est</strong></span> <span class='ocrx_word' id='word_1_316' title='bbox 613 2549 809 2592; x_wconf 83' lang='lat' dir='ltr'><strong>formatio</strong></span> <span class='ocrx_word' id='word_1_317' title='bbox 850 2563 903 2591; x_wconf 88' lang='lat' dir='ltr'><strong>ex</strong></span> <span class='ocrx_word' id='word_1_318' title='bbox 942 2548 1070 2591; x_wconf 90' lang='lat' dir='ltr'><strong>humo</strong></span> <span class='ocrx_word' id='word_1_319' title='bbox 1112 2554 1154 2591; x_wconf 89' lang='lat' dir='ltr'><strong>et</strong></span> <span class='ocrx_word' id='word_1_320' title='bbox 1190 2563 1314 2605; x_wconf 80' lang='lat' dir='ltr'><strong>aqua.</strong></span> <span class='ocrx_word' id='word_1_321' title='bbox 1394 2546 1494 2590; x_wconf 89' lang='lat' dir='ltr'><strong>Non</strong></span> <span class='ocrx_word' id='word_1_322' title='bbox 1533 2547 1645 2590; x_wconf 89' lang='lat' dir='ltr'><strong>enim</strong></span> <span class='ocrx_word' id='word_1_323' title='bbox 1686 2558 1730 2586; x_wconf 76' lang='lat' dir='ltr'><strong>sie</strong></span> <span class='ocrx_word' id='word_1_324' title='bbox 1765 2554 1906 2606; x_wconf 87' lang='lat' dir='ltr'><strong>potest</strong></span> <span class='ocrx_word' id='word_1_325' title='bbox 1952 2547 1995 2591; x_wconf 83' lang='lat' dir='ltr'><strong>id</strong></span> <span class='ocrx_word' id='word_1_326' title='bbox 2034 2547 2148 2606; x_wconf 81' lang='lat' dir='ltr'><strong>quod</strong></span> 
     </span>
     <span class='ocr_line' id='line_1_40' title="bbox 360 2630 2147 2689; baseline 0 -14"><span class='ocrx_word' id='word_1_327' title='bbox 360 2633 588 2675; x_wconf 83' lang='lat' dir='ltr'><strong>formatum</strong></span> <span class='ocrx_word' id='word_1_328' title='bbox 621 2637 684 2674; x_wconf 84' lang='lat' dir='ltr'><strong>est</strong></span> <span class='ocrx_word' id='word_1_329' title='bbox 714 2631 796 2674; x_wconf 90' lang='lat' dir='ltr'><strong>dici</strong></span> <span class='ocrx_word' id='word_1_330' title='bbox 828 2631 891 2685; x_wconf 87' lang='lat' dir='ltr'><strong>id,</strong></span> <span class='ocrx_word' id='word_1_331' title='bbox 924 2646 947 2673; x_wconf 93' lang='lat' dir='ltr'><strong>e</strong></span> <span class='ocrx_word' id='word_1_332' title='bbox 980 2646 1063 2689; x_wconf 92' lang='lat' dir='ltr'><strong>quo</strong></span> <span class='ocrx_word' id='word_1_333' title='bbox 1102 2632 1330 2674; x_wconf 86' lang='lat' dir='ltr'><strong>formatum</strong></span> <span class='ocrx_word' id='word_1_334' title='bbox 1369 2637 1446 2673; x_wconf 83' lang='lat' dir='ltr'><strong>est.</strong></span> <span class='ocrx_word' id='word_1_335' title='bbox 1478 2655 1536 2662; x_wconf 89' lang='lat'><strong>-</strong></span> <span class='ocrx_word' id='word_1_336' title='bbox 1569 2630 1642 2656; x_wconf 60' lang='lat'><strong>¹³¹³</strong></span> <span class='ocrx_word' id='word_1_337' title='bbox 1679 2631 1743 2675; x_wconf 89' lang='lat' dir='ltr'><strong>Ut</strong></span> <span class='ocrx_word' id='word_1_338' title='bbox 1771 2631 1903 2689; x_wconf 86' lang='lat' dir='ltr'><strong>igitur</strong></span> <span class='ocrx_word' id='word_1_339' title='bbox 1933 2632 2147 2675; x_wconf 75' lang='lat' dir='ltr'><strong>solvamus</strong></span> 
     </span>
     <span class='ocr_line' id='line_1_41' title="bbox 362 2701 2147 2771; baseline 0 -14"><span class='ocrx_word' id='word_1_340' title='bbox 362 2714 472 2757; x_wconf 90' lang='lat' dir='ltr'><strong>hanc</strong></span> <span class='ocrx_word' id='word_1_341' title='bbox 519 2713 826 2757; x_wconf 86' lang='lat' dir='ltr'><strong>dubitationem</strong></span> <span class='ocrx_word' id='word_1_342' title='bbox 860 2712 1061 2756; x_wconf 86' lang='lat' dir='ltr'><strong>dicimus:</strong></span> <span class='ocrx_word' id='word_1_343' title='bbox 1101 2712 1202 2755; x_wconf 92' lang='lat' dir='ltr'><strong>Non</strong></span> <span class='ocrx_word' id='word_1_344' title='bbox 1233 2714 1349 2767; x_wconf 84' lang='lat' dir='ltr'>,vox‘</span> <span class='ocrx_word' id='word_1_345' title='bbox 1389 2719 1454 2756; x_wconf 91' lang='lat' dir='ltr'><strong>est</strong></span> <span class='ocrx_word' id='word_1_346' title='bbox 1483 2701 1619 2771; x_wconf 83' lang='lat' dir='ltr'><strong>genus</strong></span> <span class='ocrx_word' id='word_1_347' title='bbox 1656 2714 1862 2770; x_wconf 84' lang='lat' dir='ltr'><strong>nominis,</strong></span> <span class='ocrx_word' id='word_1_348' title='bbox 1901 2714 1976 2757; x_wconf 87' lang='lat' dir='ltr'><strong>sed</strong></span> <span class='ocrx_word' id='word_1_349' title='bbox 2011 2719 2147 2757; x_wconf 70' lang='lat' dir='ltr'><strong>totum</strong></span> 
     </span>
     <span class='ocr_line' id='line_1_42' title="bbox 361 2795 2147 2854; baseline -0.001 -14"><span class='ocrx_word' id='word_1_350' title='bbox 361 2797 443 2840; x_wconf 92' lang='lat' dir='ltr'><strong>hoc</strong></span> <span class='ocrx_word' id='word_1_351' title='bbox 475 2812 577 2851; x_wconf 83' lang='lat' dir='ltr'>,vox</span> <span class='ocrx_word' id='word_1_352' title='bbox 608 2795 919 2854; x_wconf 81' lang='lat' dir='ltr'><strong>significativa‘,</strong></span> <span class='ocrx_word' id='word_1_353' title='bbox 951 2811 1015 2850; x_wconf 90' lang='lat' dir='ltr'><strong>ea,</strong></span> <span class='ocrx_word' id='word_1_354' title='bbox 1048 2810 1158 2852; x_wconf 90' lang='lat' dir='ltr'><strong>quae</strong></span> <span class='ocrx_word' id='word_1_355' title='bbox 1181 2810 1317 2852; x_wconf 82' lang='lat' dir='ltr'><strong>genus</strong></span> <span class='ocrx_word' id='word_1_356' title='bbox 1349 2802 1413 2838; x_wconf 84' lang='lat' dir='ltr'><strong>est</strong></span> <span class='ocrx_word' id='word_1_357' title='bbox 1440 2811 1595 2839; x_wconf 89' lang='lat' dir='ltr'><strong>vocum</strong></span> <span class='ocrx_word' id='word_1_358' title='bbox 1623 2796 1955 2854; x_wconf 81' lang='lat' dir='ltr'><strong>significantium</strong></span> <span class='ocrx_word' id='word_1_359' title='bbox 1979 2796 2147 2840; x_wconf 64' lang='lat' dir='ltr'><strong>illarum</strong></span> 
     </span>
     <span class='ocr_line' id='line_1_43' title="bbox 363 2877 2243 2938; baseline 0.003 -17"><span class='ocrx_word' id='word_1_360' title='bbox 363 2878 464 2938; x_wconf 80' lang='grc' dir='ltr'><strong>[τῶν]</strong></span> <span class='ocrx_word' id='word_1_361' title='bbox 492 2878 498 2936; x_wconf 96' lang='grc' dir='ltr'>Ι</span> <span class='ocrx_word' id='word_1_362' title='bbox 525 2879 780 2923; x_wconf 87' lang='lat' dir='ltr'><strong>naturalium</strong></span> <span class='ocrx_word' id='word_1_363' title='bbox 811 2885 854 2921; x_wconf 90' lang='lat' dir='ltr'><strong>et</strong></span> <span class='ocrx_word' id='word_1_364' title='bbox 879 2878 1046 2922; x_wconf 86' lang='lat' dir='ltr'><strong>illarum</strong></span> <span class='ocrx_word' id='word_1_365' title='bbox 1076 2892 1186 2936; x_wconf 84' lang='lat' dir='ltr'><strong>quae</strong></span> <span class='ocrx_word' id='word_1_366' title='bbox 1215 2877 1446 2920; x_wconf 87' lang='lat' dir='ltr'><strong>secundum</strong></span> <span class='ocrx_word' id='word_1_367' title='bbox 1474 2893 1742 2923; x_wconf 80' lang='lat' dir='ltr'><strong>consensum.</strong></span> <span class='ocrx_word' id='word_1_368' title='bbox 1762 2904 1820 2912; x_wconf 89' lang='lat'>—</span> <span class='ocrx_word' id='word_1_369' title='bbox 1840 2878 1935 2924; x_wconf 81' lang='lat' dir='ltr'><strong>Iam</strong></span> <span class='ocrx_word' id='word_1_370' title='bbox 1954 2878 2200 2923; x_wconf 68' lang='lat' dir='ltr'><strong>volumus-¹⁶</strong></span> <span class='ocrx_word' id='word_1_371' title='bbox 2242 2923 2243 2926; x_wconf 73' lang='grc'><strong>,</strong></span> 
     </span>
     <span class='ocr_line' id='line_1_44' title="bbox 362 2945 2237 3021; baseline -0.001 -16"><span class='ocrx_word' id='word_1_372' title='bbox 362 2962 631 3021; x_wconf 88' lang='lat' dir='ltr'><strong>interpretari</strong></span> <span class='ocrx_word' id='word_1_373' title='bbox 669 2962 800 3005; x_wconf 88' lang='lat' dir='ltr'><strong>verba</strong></span> <span class='ocrx_word' id='word_1_374' title='bbox 838 2961 910 3004; x_wconf 89' lang='lat' dir='ltr'><strong>illa</strong></span> <span class='ocrx_word' id='word_1_375' title='bbox 947 2960 1000 3004; x_wconf 91' lang='lat' dir='ltr'><strong>de</strong></span> <span class='ocrx_word' id='word_1_376' title='bbox 1039 2959 1209 3004; x_wconf 88' lang='lat' dir='ltr'><strong>nomine</strong></span> <span class='ocrx_word' id='word_1_377' title='bbox 1240 2959 1448 3014; x_wconf 76' lang='lat' dir='ltr'><strong>difficilia,</strong></span> <span class='ocrx_word' id='word_1_378' title='bbox 1485 2976 1595 3018; x_wconf 81' lang='lat' dir='ltr'><strong>quae</strong></span> <span class='ocrx_word' id='word_1_379' title='bbox 1633 2961 1772 3020; x_wconf 73' lang='lat' dir='ltr'><strong>positu</strong></span> <span class='ocrx_word' id='word_1_380' title='bbox 1806 2967 1908 3005; x_wconf 78' lang='lat' dir='ltr'><strong>sunt</strong></span> <span class='ocrx_word' id='word_1_381' title='bbox 1943 2960 1989 3003; x_wconf 87' lang='lat' dir='ltr'><strong>in</strong></span> <span class='ocrx_word' id='word_1_382' title='bbox 2020 2958 2150 3004; x_wconf 84' lang='lat' dir='ltr'><strong>libro.</strong></span> <span class='ocrx_word' id='word_1_383' title='bbox 2236 2945 2237 2949; x_wconf 10' lang='grc' dir='ltr'><strong>Ἰ</strong></span> 
     </span>
     <span class='ocr_line' id='line_1_45' title="bbox 234 3034 2244 3100; baseline -0 -12"><span class='ocrx_word' id='word_1_384' title='bbox 234 3063 293 3088; x_wconf 67' lang='lat'><strong>162</strong></span> <span class='ocrx_word' id='word_1_385' title='bbox 311 3062 344 3088; x_wconf 76' lang='lat'><strong>2⁷</strong></span> <span class='ocrx_word' id='word_1_386' title='bbox 364 3047 516 3088; x_wconf 71' lang='lat' dir='ltr'><strong>Aristo.</strong></span> <span class='ocrx_word' id='word_1_387' title='bbox 550 3040 609 3087; x_wconf 65' lang='lat' dir='ltr'><strong>T&amp;</strong></span> <span class='ocrx_word' id='word_1_388' title='bbox 641 3043 680 3085; x_wconf 72' lang='grc' dir='ltr'><strong>δὲ</strong></span> <span class='ocrx_word' id='word_1_389' title='bbox 712 3039 814 3085; x_wconf 67' lang='lat' dir='ltr'><strong>naz-ol</strong></span> <span class='ocrx_word' id='word_1_390' title='bbox 844 3040 1033 3100; x_wconf 64' lang='grc' dir='ltr'>συνθήκην</span> <span class='ocrx_word' id='word_1_391' title='bbox 1065 3035 1124 3086; x_wconf 62' lang='grc' dir='ltr'><strong>ἔτι</strong></span> <span class='ocrx_word' id='word_1_392' title='bbox 1154 3039 1267 3096; x_wconf 80' lang='grc' dir='ltr'>φύσει</span> <span class='ocrx_word' id='word_1_393' title='bbox 1298 3038 1402 3085; x_wconf 67' lang='grc' dir='ltr'>οὐδὲν</span> <span class='ocrx_word' id='word_1_394' title='bbox 1424 3043 1494 3086; x_wconf 73' lang='grc' dir='ltr'><strong>τῶν</strong></span> <span class='ocrx_word' id='word_1_395' title='bbox 1517 3039 1704 3100; x_wconf 71' lang='grc' dir='ltr'>ὀνομάτων</span> <span class='ocrx_word' id='word_1_396' title='bbox 1733 3043 1846 3087; x_wconf 75' lang='grc' dir='ltr'>ἐστίν.</span> <span class='ocrx_word' id='word_1_397' title='bbox 1895 3045 1992 3087; x_wconf 81' lang='lat' dir='ltr'><strong>Pro.</strong></span> <span class='ocrx_word' id='word_1_398' title='bbox 2019 3042 2148 3087; x_wconf 68' lang='lat' dir='ltr'><strong>Nunc</strong></span> <span class='ocrx_word' id='word_1_399' title='bbox 2215 3034 2244 3090; x_wconf 42' lang='grc'><strong>,’</strong></span> 
     </span>
     <span class='ocr_line' id='line_1_46' title="bbox 364 3113 2206 3186; baseline 0 -16"><span class='ocrx_word' id='word_1_400' title='bbox 364 3125 530 3170; x_wconf 83' lang='lat' dir='ltr'><strong>accedit</strong></span> <span class='ocrx_word' id='word_1_401' title='bbox 549 3126 602 3169; x_wconf 85' lang='lat' dir='ltr'><strong>ad</strong></span> <span class='ocrx_word' id='word_1_402' title='bbox 623 3125 912 3185; x_wconf 83' lang='lat' dir='ltr'><strong>explicandam</strong></span> <span class='ocrx_word' id='word_1_403' title='bbox 939 3113 1227 3170; x_wconf 84' lang='lat' dir='ltr'><strong>definitionem</strong></span> <span class='ocrx_word' id='word_1_404' title='bbox 1258 3125 1348 3169; x_wconf 82' lang='lat' dir='ltr'><strong>eius</strong></span> <span class='ocrx_word' id='word_1_405' title='bbox 1380 3124 1451 3184; x_wconf 66' lang='grc' dir='ltr'><strong>[τε</strong></span> <span class='ocrx_word' id='word_1_406' title='bbox 1473 3125 1673 3186; x_wconf 80' lang='lat' dir='ltr'><strong>nominis]</strong></span> <span class='ocrx_word' id='word_1_407' title='bbox 1705 3125 1890 3171; x_wconf 76' lang='lat' dir='ltr'><strong>etdicit:</strong></span> <span class='ocrx_word' id='word_1_408' title='bbox 1918 3126 2149 3184; x_wconf 63' lang='lat' dir='ltr'><strong>Propterea</strong></span> <span class='ocrx_word' id='word_1_409' title='bbox 2197 3133 2206 3178; x_wconf 72' lang='grc' dir='ltr'><strong>ς’</strong></span> 
     </span>
     <span class='ocr_line' id='line_1_47' title="bbox 364 3188 2198 3267; baseline 0.001 -13"><span class='ocrx_word' id='word_1_410' title='bbox 364 3209 507 3254; x_wconf 83' lang='lat' dir='ltr'><strong>addidi</strong></span> <span class='ocrx_word' id='word_1_411' title='bbox 528 3207 774 3264; x_wconf 86' lang='lat' dir='ltr'><strong>‚secundum</strong></span> <span class='ocrx_word' id='word_1_412' title='bbox 798 3210 1064 3253; x_wconf 81' lang='lat' dir='ltr'><strong>consensum‘</strong></span> <span class='ocrx_word' id='word_1_413' title='bbox 1065 3241 1078 3263; x_wconf 92' lang='lat'><em>‚</em></span> <span class='ocrx_word' id='word_1_414' title='bbox 1109 3207 1210 3267; x_wconf 78' lang='lat' dir='ltr'><strong>quia</strong></span> <span class='ocrx_word' id='word_1_415' title='bbox 1227 3208 1392 3252; x_wconf 87' lang='lat' dir='ltr'><strong>nullum</strong></span> <span class='ocrx_word' id='word_1_416' title='bbox 1419 3222 1576 3253; x_wconf 82' lang='lat' dir='ltr'><strong>nomen</strong></span> <span class='ocrx_word' id='word_1_417' title='bbox 1591 3210 1843 3254; x_wconf 76' lang='lat' dir='ltr'><strong>naturaliter</strong></span> <span class='ocrx_word' id='word_1_418' title='bbox 1870 3214 1953 3261; x_wconf 77' lang='lat' dir='ltr'><strong>est.</strong></span> <span class='ocrx_word' id='word_1_419' title='bbox 1978 3188 2174 3255; x_wconf 57' lang='lat' dir='ltr'><strong>affl</strong></span> <span class='ocrx_word' id='word_1_420' title='bbox 2183 3192 2198 3206; x_wconf 18' lang='grc' dir='ltr'>Ἣ</span> 
     </span>
     <span class='ocr_line' id='line_1_48' title="bbox 237 3284 2202 3365; baseline 0.002 -32"><span class='ocrx_word' id='word_1_421' title='bbox 237 3308 294 3334; x_wconf 73' lang='lat'><strong>1⁶·</strong></span> <span class='ocrx_word' id='word_1_422' title='bbox 313 3289 374 3350; x_wconf 74' lang='grc' dir='ltr'><strong>95Ι</strong></span> <span class='ocrx_word' id='word_1_423' title='bbox 407 3288 491 3336; x_wconf 78' lang='grc' dir='ltr'><strong>ἇλλ</strong></span> <span class='ocrx_word' id='word_1_424' title='bbox 523 3284 612 3334; x_wconf 67' lang='grc' dir='ltr'>ὅταν</span> <span class='ocrx_word' id='word_1_425' title='bbox 639 3289 788 3347; x_wconf 80' lang='grc' dir='ltr'><em>γένηται</em></span> <span class='ocrx_word' id='word_1_426' title='bbox 819 3288 1023 3365; x_wconf 81' lang='grc' dir='ltr'>σύμβολον.</span> <span class='ocrx_word' id='word_1_427' title='bbox 1082 3291 1245 3334; x_wconf 61' lang='lat' dir='ltr'><strong>stabas.</strong></span> <span class='ocrx_word' id='word_1_428' title='bbox 1291 3289 1424 3335; x_wconf 75' lang='lat' dir='ltr'><strong>Nune</strong></span> <span class='ocrx_word' id='word_1_429' title='bbox 1451 3291 1570 3335; x_wconf 72' lang='lat' dir='ltr'><strong>misit</strong></span> <span class='ocrx_word' id='word_1_430' title='bbox 1606 3290 2000 3351; x_wconf 59' lang='lat' dir='ltr'><strong>interproffiunem</strong></span> <span class='ocrx_word' id='word_1_431' title='bbox 2023 3287 2148 3335; x_wconf 66' lang='lat' dir='ltr'><strong>mm</strong></span> <span class='ocrx_word' id='word_1_432' title='bbox 2179 3285 2202 3342; x_wconf 46' lang='lat'><strong>{3</strong></span> 
     </span>
     <span class='ocr_line' id='line_1_49' title="bbox 365 3362 2060 3432; baseline 0.002 -15"><span class='ocrx_word' id='word_1_433' title='bbox 365 3370 467 3418; x_wconf 70' lang='lat' dir='ltr'><strong>narni</strong></span> <span class='ocrx_word' id='word_1_434' title='bbox 507 3369 697 3430; x_wconf 66' lang='grc' dir='ltr'><strong>συνθήκην</strong></span> <span class='ocrx_word' id='word_1_435' title='bbox 734 3378 778 3417; x_wconf 86' lang='lat' dir='ltr'><strong>et</strong></span> <span class='ocrx_word' id='word_1_436' title='bbox 813 3362 1022 3432; x_wconf 80' lang='lat' dir='ltr'><strong>processit</strong></span> <span class='ocrx_word' id='word_1_437' title='bbox 1057 3371 1159 3417; x_wconf 66' lang='lat' dir='ltr'><strong>“nd</strong></span> <span class='ocrx_word' id='word_1_438' title='bbox 1194 3371 1278 3416; x_wconf 73' lang='lat' dir='ltr'><strong>hoe</strong></span> <span class='ocrx_word' id='word_1_439' title='bbox 1315 3378 1394 3417; x_wconf 74' lang='lat' dir='ltr'><strong>ut</strong></span> <span class='ocrx_word' id='word_1_440' title='bbox 1387 3371 1768 3432; x_wconf 56' lang='lat' dir='ltr'><strong>nitemur,</strong></span> <span class='ocrx_word' id='word_1_441' title='bbox 1800 3387 1912 3419; x_wconf 60' lang='grc' dir='ltr'><strong>κεπτ</strong></span> <span class='ocrx_word' id='word_1_442' title='bbox 1956 3395 1989 3407; x_wconf 52' lang='lat'><strong>⁷·</strong></span> <span class='ocrx_word' id='word_1_443' title='bbox 2003 3365 2060 3405; x_wconf 79' lang='lat'><strong>=·&#39;</strong></span> 
     </span>
     <span class='ocr_line' id='line_1_50' title="bbox 367 3452 2117 3525; baseline -0.001 -26"><span class='ocrx_word' id='word_1_444' title='bbox 367 3452 608 3515; x_wconf 50' lang='lat' dir='ltr'><strong>,ewam-mv?</strong></span> <span class='ocrx_word' id='word_1_445' title='bbox 610 3487 622 3512; x_wconf 89' lang='lat'><em>‚</em></span> <span class='ocrx_word' id='word_1_446' title='bbox 654 3462 706 3499; x_wconf 86' lang='lat' dir='ltr'><strong>et</strong></span> <span class='ocrx_word' id='word_1_447' title='bbox 741 3454 953 3515; x_wconf 79' lang='lat' dir='ltr'><strong>posuisset</strong></span> <span class='ocrx_word' id='word_1_448' title='bbox 991 3455 1174 3501; x_wconf 79' lang='lat' dir='ltr'><strong>solum⁸³</strong></span> <span class='ocrx_word' id='word_1_449' title='bbox 1214 3454 1262 3499; x_wconf 72' lang='lat' dir='ltr'><strong>id</strong></span> <span class='ocrx_word' id='word_1_450' title='bbox 1290 3454 1413 3513; x_wconf 73' lang='lat' dir='ltr'><strong>qued</strong></span> <span class='ocrx_word' id='word_1_451' title='bbox 1437 3456 1640 3515; x_wconf 57' lang='lat' dir='ltr'><strong>sequitur</strong></span> <span class='ocrx_word' id='word_1_452' title='bbox 1672 3455 1984 3525; x_wconf 51' lang='lat' dir='ltr'><strong>emmaque·</strong></span> <span class='ocrx_word' id='word_1_453' title='bbox 1993 3473 2012 3498; x_wconf 74' lang='lat'><strong>-1</strong></span> <span class='ocrx_word' id='word_1_454' title='bbox 2059 3501 2117 3522; x_wconf 96' lang='grc'><strong>1,</strong></span> 
     </span>
    </p>
   </div>
   <div class='ocr_carea' id='block_1_6' title="bbox 1790 3532 2107 3615">
    <p class='ocr_par' dir='ltr' id='par_1_7' title="bbox 1790 3532 2107 3615">
     <span class='ocr_line' id='line_1_51' title="bbox 1898 3532 2107 3565; baseline -0.01 -2"><span class='ocrx_word' id='word_1_455' title='bbox 1898 3559 1913 3563; x_wconf 70' lang='grc'><strong>,.</strong></span> <span class='ocrx_word' id='word_1_456' title='bbox 1960 3559 1961 3563; x_wconf 65' lang='grc'>,</span> <span class='ocrx_word' id='word_1_457' title='bbox 1981 3550 1994 3563; x_wconf 62' lang='grc' dir='ltr'><strong>Α</strong></span> <span class='ocrx_word' id='word_1_458' title='bbox 2018 3546 2028 3559; x_wconf 68' lang='lat' dir='ltr'><strong>t</strong></span> <span class='ocrx_word' id='word_1_459' title='bbox 2054 3557 2059 3561; x_wconf 87' lang='lat'><em>.</em></span> <span class='ocrx_word' id='word_1_460' title='bbox 2083 3532 2107 3565; x_wconf 33' lang='grc' dir='ltr'><strong>,Ἰ</strong></span> 
     </span>
     <span class='ocr_line' id='line_1_52' title="bbox 1863 3564 2106 3597; baseline 0.012 -10"><span class='ocrx_word' id='word_1_461' title='bbox 1863 3580 1865 3585; x_wconf 83' lang='lat'><em>.</em></span> <span class='ocrx_word' id='word_1_462' title='bbox 1934 3564 2015 3595; x_wconf 43' lang='lat' dir='ltr'><strong>¹glut-³</strong></span> <span class='ocrx_word' id='word_1_463' title='bbox 2030 3566 2055 3597; x_wconf 20' lang='lat'><strong>‘¹⁴&#39;</strong></span> <span class='ocrx_word' id='word_1_464' title='bbox 2073 3582 2077 3590; x_wconf 85' lang='lat'><strong>·.</strong></span> <span class='ocrx_word' id='word_1_465' title='bbox 2103 3572 2106 3573; x_wconf 52' lang='lat'><em>⁷</em></span> 
     </span>
     <span class='ocr_line' id='line_1_53' title="bbox 1790 3599 2018 3615; baseline 0.018 -9"><span class='ocrx_word' id='word_1_466' title='bbox 1790 3599 1791 3606; x_wconf 43' lang='grc' dir='ltr'>Ι</span> <span class='ocrx_word' id='word_1_467' title='bbox 1915 3606 1918 3609; x_wconf 30' lang='grc' dir='ltr'><strong>Δ</strong></span> <span class='ocrx_word' id='word_1_468' title='bbox 1990 3603 2018 3615; x_wconf 56' lang='grc' dir='ltr'><strong>μ,</strong></span> 
     </span>
    </p>
   </div>
  </div>
 </body>
</html>
