<?xml version="1.0" encoding="UTF-8"?>
<!DOCTYPE html PUBLIC "-//W3C//DTD XHTML 1.0 Transitional//EN"
    "http://www.w3.org/TR/xhtml1/DTD/xhtml1-transitional.dtd">
<html xmlns="http://www.w3.org/1999/xhtml" xml:lang="en" lang="en">
 <head>
  <title>
</title>
<meta http-equiv="Content-Type" content="text/html;charset=utf-8" />
  <meta name='ocr-system' content='tesseract 3.04.00' />
  <meta name='ocr-capabilities' content='ocr_page ocr_carea ocr_par ocr_line ocrx_word'/>
</head>
<body>
  <div class='ocr_page' id='page_1' title='image "./dehermeneuticis00hoffuoft_0120.png"; bbox 0 0 2274 3762; ppageno 0'>
   <div class='ocr_carea' id='block_1_1' title="bbox 2014 357 2274 3760">
    <p class='ocr_par' dir='ltr' id='par_1_1' title="bbox 2014 357 2274 3760">
     <span class='ocr_line' id='line_1_1' title="bbox 2148 357 2274 696; baseline 0 0"><span class='ocrx_word' id='word_1_1' title='bbox 2148 357 2274 696; x_wconf 95' lang='lat' dir='ltr'><strong>     </strong></span> 
     </span>
     <span class='ocr_line' id='line_1_2' title="bbox 2150 696 2274 821; baseline 0 -86"><span class='ocrx_word' id='word_1_2' title='bbox 2150 696 2274 821; x_wconf 95' lang='lat' dir='ltr'><strong>  </strong></span> 
     </span>
     <span class='ocr_line' id='line_1_3' title="bbox 2145 821 2274 1068; baseline 0 -121"><span class='ocrx_word' id='word_1_3' title='bbox 2145 821 2274 1068; x_wconf 95' lang='lat' dir='ltr'><strong>     </strong></span> 
     </span>
     <span class='ocr_line' id='line_1_4' title="bbox 2145 1068 2274 1234; baseline 0 -82"><span class='ocrx_word' id='word_1_4' title='bbox 2145 1068 2274 1234; x_wconf 95' lang='lat' dir='ltr'><strong>  </strong></span> 
     </span>
     <span class='ocr_line' id='line_1_5' title="bbox 2143 1234 2274 1320; baseline 0 0"><span class='ocrx_word' id='word_1_5' title='bbox 2143 1234 2274 1320; x_wconf 95' lang='lat' dir='ltr'><strong>  </strong></span> 
     </span>
     <span class='ocr_line' id='line_1_6' title="bbox 2143 1320 2274 1481; baseline 0 -116"><span class='ocrx_word' id='word_1_6' title='bbox 2143 1320 2274 1481; x_wconf 95' lang='lat' dir='ltr'><strong>   </strong></span> 
     </span>
     <span class='ocr_line' id='line_1_7' title="bbox 2141 1481 2274 1640; baseline 0 -27"><span class='ocrx_word' id='word_1_7' title='bbox 2141 1481 2274 1640; x_wconf 95' lang='lat' dir='ltr'><strong>    </strong></span> 
     </span>
     <span class='ocr_line' id='line_1_8' title="bbox 2139 1640 2274 1772; baseline 0 -38"><span class='ocrx_word' id='word_1_8' title='bbox 2139 1640 2274 1772; x_wconf 95' lang='lat' dir='ltr'><strong>  </strong></span> 
     </span>
     <span class='ocr_line' id='line_1_9' title="bbox 2140 1772 2274 1982; baseline 0 -36"><span class='ocrx_word' id='word_1_9' title='bbox 2140 1772 2274 1982; x_wconf 95' lang='lat' dir='ltr'><strong>    </strong></span> 
     </span>
     <span class='ocr_line' id='line_1_10' title="bbox 2137 1982 2274 2101; baseline 0 -38"><span class='ocrx_word' id='word_1_10' title='bbox 2137 1982 2274 2101; x_wconf 95' lang='lat' dir='ltr'><strong>  </strong></span> 
     </span>
     <span class='ocr_line' id='line_1_11' title="bbox 2138 2101 2274 2230; baseline 0 0"><span class='ocrx_word' id='word_1_11' title='bbox 2138 2101 2274 2230; x_wconf 95' lang='lat' dir='ltr'><strong>   </strong></span> 
     </span>
     <span class='ocr_line' id='line_1_12' title="bbox 2139 2230 2274 2438; baseline 0 0"><span class='ocrx_word' id='word_1_12' title='bbox 2139 2230 2274 2438; x_wconf 95' lang='lat' dir='ltr'><strong>   </strong></span> 
     </span>
     <span class='ocr_line' id='line_1_13' title="bbox 2135 2438 2274 2645; baseline 0 -40"><span class='ocrx_word' id='word_1_13' title='bbox 2135 2438 2274 2645; x_wconf 95' lang='lat' dir='ltr'><strong>    </strong></span> 
     </span>
     <span class='ocr_line' id='line_1_14' title="bbox 2135 2645 2274 2895; baseline 0 -41"><span class='ocrx_word' id='word_1_14' title='bbox 2135 2645 2274 2895; x_wconf 95' lang='lat' dir='ltr'><strong>    </strong></span> 
     </span>
     <span class='ocr_line' id='line_1_15' title="bbox 2134 2895 2274 3096; baseline 0 0"><span class='ocrx_word' id='word_1_15' title='bbox 2134 2895 2274 3096; x_wconf 95' lang='lat' dir='ltr'><strong>    </strong></span> 
     </span>
     <span class='ocr_line' id='line_1_16' title="bbox 2174 3096 2274 3224; baseline 0 -83"><span class='ocrx_word' id='word_1_16' title='bbox 2174 3096 2274 3224; x_wconf 95' lang='lat' dir='ltr'><strong>  </strong></span> 
     </span>
     <span class='ocr_line' id='line_1_17' title="bbox 2143 3224 2274 3483; baseline 0 0"><span class='ocrx_word' id='word_1_17' title='bbox 2143 3224 2274 3483; x_wconf 95' lang='lat' dir='ltr'><strong>   </strong></span> 
     </span>
     <span class='ocr_line' id='line_1_18' title="bbox 2014 3483 2274 3760; baseline 0 -108"><span class='ocrx_word' id='word_1_18' title='bbox 2014 3483 2274 3760; x_wconf 95' lang='lat' dir='ltr'><strong>  </strong></span> 
     </span>
    </p>
   </div>
   <div class='ocr_carea' id='block_1_2' title="bbox 366 278 450 321">
    <p class='ocr_par' dir='ltr' id='par_1_2' title="bbox 366 278 450 321">
     <span class='ocr_line' id='line_1_19' title="bbox 366 278 450 321; baseline 0.012 -1"><span class='ocrx_word' id='word_1_19' title='bbox 366 278 450 321; x_wconf 87' lang='lat'><strong>104</strong></span> 
     </span>
    </p>
   </div>
   <div class='ocr_carea' id='block_1_3' title="bbox 217 390 2257 3708">
    <p class='ocr_par' dir='ltr' id='par_1_3' title="bbox 232 390 2152 541">
     <span class='ocr_line' id='line_1_20' title="bbox 232 390 2152 456; baseline 0.005 -19"><span class='ocrx_word' id='word_1_20' title='bbox 232 411 346 438; x_wconf 67' lang='lat' dir='ltr'><strong>*ie-28</strong></span> <span class='ocrx_word' id='word_1_21' title='bbox 359 396 488 441; x_wconf 83' lang='lat' dir='ltr'><strong>etiam</strong></span> <span class='ocrx_word' id='word_1_22' title='bbox 527 413 656 442; x_wconf 86' lang='lat' dir='ltr'><strong>voces</strong></span> <span class='ocrx_word' id='word_1_23' title='bbox 687 414 773 442; x_wconf 91' lang='lat' dir='ltr'><strong>non</strong></span> <span class='ocrx_word' id='word_1_24' title='bbox 805 390 1015 456; x_wconf 83' lang='lat' dir='ltr'><strong>scriptae*</strong></span> <span class='ocrx_word' id='word_1_25' title='bbox 1046 404 1092 442; x_wconf 88' lang='lat' dir='ltr'><strong>ut</strong></span> <span class='ocrx_word' id='word_1_26' title='bbox 1130 399 1306 442; x_wconf 86' lang='lat' dir='ltr'><strong>latratus</strong></span> <span class='ocrx_word' id='word_1_27' title='bbox 1345 399 1476 443; x_wconf 82' lang='lat' dir='ltr'><strong>canis.</strong></span> <span class='ocrx_word' id='word_1_28' title='bbox 1508 425 1565 431; x_wconf 89' lang='lat'><strong>—-</strong></span> <span class='ocrx_word' id='word_1_29' title='bbox 1595 399 1729 444; x_wconf 88' lang='lat' dir='ltr'><strong>Porro</strong></span> <span class='ocrx_word' id='word_1_30' title='bbox 1768 399 1938 444; x_wconf 88' lang='lat' dir='ltr'><strong>soluunt</strong></span> <span class='ocrx_word' id='word_1_31' title='bbox 1967 399 2040 444; x_wconf 81' lang='lat' dir='ltr'><strong>alii</strong></span> <span class='ocrx_word' id='word_1_32' title='bbox 2061 400 2152 446; x_wconf 63' lang='lat' dir='ltr'><strong>ita:</strong></span> 
     </span>
     <span class='ocr_line' id='line_1_21' title="bbox 357 477 2151 541; baseline 0.001 -17"><span class='ocrx_word' id='word_1_33' title='bbox 357 478 404 524; x_wconf 86' lang='lat' dir='ltr'><strong>Si</strong></span> <span class='ocrx_word' id='word_1_34' title='bbox 435 481 613 525; x_wconf 78' lang='lat' dir='ltr'>dixisset</span> <span class='ocrx_word' id='word_1_35' title='bbox 642 477 743 524; x_wconf 63' lang='lat' dir='ltr'><strong>naz-oi</strong></span> <span class='ocrx_word' id='word_1_36' title='bbox 775 478 979 537; x_wconf 62' lang='grc' dir='ltr'>συνθήκην,</span> <span class='ocrx_word' id='word_1_37' title='bbox 1013 480 1220 525; x_wconf 78' lang='lat' dir='ltr'><strong>dubitatio</strong></span> <span class='ocrx_word' id='word_1_38' title='bbox 1251 482 1304 524; x_wconf 89' lang='lat' dir='ltr'><strong>de</strong></span> <span class='ocrx_word' id='word_1_39' title='bbox 1336 497 1386 525; x_wconf 91' lang='lat' dir='ltr'><strong>eo</strong></span> <span class='ocrx_word' id='word_1_40' title='bbox 1418 482 1650 526; x_wconf 78' lang='lat' dir='ltr'><strong>exstitisset</strong></span> <span class='ocrx_word' id='word_1_41' title='bbox 1679 481 1789 538; x_wconf 92' lang='lat' dir='ltr'><strong>ideo,</strong></span> <span class='ocrx_word' id='word_1_42' title='bbox 1821 482 1935 541; x_wconf 91' lang='lat' dir='ltr'><strong>quod</strong></span> <span class='ocrx_word' id='word_1_43' title='bbox 1961 482 2151 526; x_wconf 77' lang='lat' dir='ltr'><strong>facultati</strong></span> 
     </span>
    </p>

    <p class='ocr_par' dir='ltr' id='par_1_4' title="bbox 355 562 2247 873">
     <span class='ocr_line' id='line_1_22' title="bbox 361 562 2247 624; baseline 0.001 -18"><span class='ocrx_word' id='word_1_44' title='bbox 361 563 366 618; x_wconf 88' lang='grc' dir='ltr'>Ι</span> <span class='ocrx_word' id='word_1_45' title='bbox 399 564 518 606; x_wconf 82' lang='lat' dir='ltr'><strong>vocis</strong></span> <span class='ocrx_word' id='word_1_46' title='bbox 557 579 666 622; x_wconf 89' lang='lat' dir='ltr'><strong>quae</strong></span> <span class='ocrx_word' id='word_1_47' title='bbox 705 564 748 607; x_wconf 89' lang='lat' dir='ltr'><strong>in</strong></span> <span class='ocrx_word' id='word_1_48' title='bbox 787 563 911 607; x_wconf 87' lang='lat' dir='ltr'><strong>nobis</strong></span> <span class='ocrx_word' id='word_1_49' title='bbox 951 562 1047 622; x_wconf 89' lang='lat' dir='ltr'><strong>[est]</strong></span> <span class='ocrx_word' id='word_1_50' title='bbox 1085 564 1268 608; x_wconf 83' lang='lat' dir='ltr'><strong>naturali</strong></span> <span class='ocrx_word' id='word_1_51' title='bbox 1307 565 1381 591; x_wconf 79' lang='lat'><strong>¹⁰³⁸</strong></span> <span class='ocrx_word' id='word_1_52' title='bbox 1399 565 1527 608; x_wconf 84' lang='lat' dir='ltr'><strong>etiam</strong></span> <span class='ocrx_word' id='word_1_53' title='bbox 1558 581 1765 624; x_wconf 82' lang='lat' dir='ltr'><strong>organum</strong></span> <span class='ocrx_word' id='word_1_54' title='bbox 1795 565 1926 624; x_wconf 90' lang='lat' dir='ltr'><strong>ipsius</strong></span> <span class='ocrx_word' id='word_1_55' title='bbox 1955 566 2146 610; x_wconf 89' lang='lat' dir='ltr'><strong>naturale</strong></span> <span class='ocrx_word' id='word_1_56' title='bbox 2157 579 2247 619; x_wconf 53' lang='grc' dir='ltr'><strong>περι</strong></span> 
     </span>
     <span class='ocr_line' id='line_1_23' title="bbox 356 645 2148 705; baseline 0.002 -16"><span class='ocrx_word' id='word_1_57' title='bbox 356 653 432 689; x_wconf 88' lang='lat' dir='ltr'><strong>est.</strong></span> <span class='ocrx_word' id='word_1_58' title='bbox 504 645 727 705; x_wconf 86' lang='lat' dir='ltr'><strong>Organum</strong></span> <span class='ocrx_word' id='word_1_59' title='bbox 774 653 916 690; x_wconf 89' lang='lat' dir='ltr'><strong>autem</strong></span> <span class='ocrx_word' id='word_1_60' title='bbox 961 647 1175 691; x_wconf 78' lang='lat' dir='ltr'><strong>facultatis</strong></span> <span class='ocrx_word' id='word_1_61' title='bbox 1221 648 1339 691; x_wconf 86' lang='lat' dir='ltr'><strong>vocis</strong></span> <span class='ocrx_word' id='word_1_62' title='bbox 1385 648 1589 692; x_wconf 88' lang='lat' dir='ltr'><strong>naturalis</strong></span> <span class='ocrx_word' id='word_1_63' title='bbox 1633 649 1677 692; x_wconf 90' lang='lat' dir='ltr'><strong>in</strong></span> <span class='ocrx_word' id='word_1_64' title='bbox 1723 649 1846 693; x_wconf 87' lang='lat' dir='ltr'><strong>nobis</strong></span> <span class='ocrx_word' id='word_1_65' title='bbox 1892 648 2025 693; x_wconf 88' lang='lat' dir='ltr'><strong>oratio</strong></span> <span class='ocrx_word' id='word_1_66' title='bbox 2072 655 2148 694; x_wconf 86' lang='lat' dir='ltr'><strong>est.</strong></span> 
     </span>
     <span class='ocr_line' id='line_1_24' title="bbox 356 727 2150 790; baseline 0.002 -19"><span class='ocrx_word' id='word_1_67' title='bbox 356 727 505 772; x_wconf 84' lang='lat' dir='ltr'><strong>Oratio</strong></span> <span class='ocrx_word' id='word_1_68' title='bbox 546 728 676 787; x_wconf 89' lang='lat' dir='ltr'><strong>igitur</strong></span> <span class='ocrx_word' id='word_1_69' title='bbox 713 729 917 773; x_wconf 85' lang='lat' dir='ltr'><strong>naturalis</strong></span> <span class='ocrx_word' id='word_1_70' title='bbox 956 737 1040 784; x_wconf 90' lang='lat' dir='ltr'><strong>est,</strong></span> <span class='ocrx_word' id='word_1_71' title='bbox 1085 746 1134 774; x_wconf 88' lang='lat' dir='ltr'><strong>ae</strong></span> <span class='ocrx_word' id='word_1_72' title='bbox 1174 747 1259 774; x_wconf 90' lang='lat' dir='ltr'><strong>non</strong></span> <span class='ocrx_word' id='word_1_73' title='bbox 1298 727 1399 773; x_wconf 63' lang='lat' dir='ltr'><strong>nato?</strong></span> <span class='ocrx_word' id='word_1_74' title='bbox 1438 728 1643 787; x_wconf 66' lang='grc' dir='ltr'>συνθήκην.</span> <span class='ocrx_word' id='word_1_75' title='bbox 1682 757 1734 762; x_wconf 91' lang='lat'><strong>——</strong></span> <span class='ocrx_word' id='word_1_76' title='bbox 1774 731 1836 775; x_wconf 93' lang='lat' dir='ltr'><strong>At</strong></span> <span class='ocrx_word' id='word_1_77' title='bbox 1871 732 2150 790; x_wconf 88' lang='lat' dir='ltr'><strong>respondetur</strong></span> 
     </span>
     <span class='ocr_line' id='line_1_25' title="bbox 355 811 2147 873; baseline 0.002 -19"><span class='ocrx_word' id='word_1_78' title='bbox 355 811 424 855; x_wconf 82' lang='lat' dir='ltr'><strong>iis:</strong></span> <span class='ocrx_word' id='word_1_79' title='bbox 471 812 546 838; x_wconf 52' lang='grc' dir='ltr'><strong>ΨΜ)</strong></span> <span class='ocrx_word' id='word_1_80' title='bbox 577 827 785 870; x_wconf 87' lang='lat' dir='ltr'><strong>organum</strong></span> <span class='ocrx_word' id='word_1_81' title='bbox 831 813 1045 857; x_wconf 84' lang='lat' dir='ltr'><strong>facultatis</strong></span> <span class='ocrx_word' id='word_1_82' title='bbox 1084 814 1312 869; x_wconf 79' lang='lat' dir='ltr'><strong>naturalis,</strong></span> <span class='ocrx_word' id='word_1_83' title='bbox 1353 829 1463 872; x_wconf 88' lang='lat' dir='ltr'><strong>quae</strong></span> <span class='ocrx_word' id='word_1_84' title='bbox 1501 814 1546 857; x_wconf 89' lang='lat' dir='ltr'><strong>in</strong></span> <span class='ocrx_word' id='word_1_85' title='bbox 1584 815 1707 858; x_wconf 89' lang='lat' dir='ltr'><strong>nobis</strong></span> <span class='ocrx_word' id='word_1_86' title='bbox 1748 813 1841 873; x_wconf 86' lang='lat' dir='ltr'><strong>[est]</strong></span> <span class='ocrx_word' id='word_1_87' title='bbox 1881 816 2023 869; x_wconf 84' lang='lat' dir='ltr'><strong>vocis,</strong></span> <span class='ocrx_word' id='word_1_88' title='bbox 2062 830 2147 859; x_wconf 89' lang='lat' dir='ltr'><strong>non</strong></span> 
     </span>
    </p>

    <p class='ocr_par' dir='ltr' id='par_1_5' title="bbox 295 894 2257 2615">
     <span class='ocr_line' id='line_1_26' title="bbox 295 894 2145 955; baseline 0.003 -19"><span class='ocrx_word' id='word_1_89' title='bbox 295 907 302 916; x_wconf 80' lang='lat'><strong>·</strong></span> <span class='ocrx_word' id='word_1_90' title='bbox 355 894 588 938; x_wconf 87' lang='lat' dir='ltr'><strong>orationem</strong></span> <span class='ocrx_word' id='word_1_91' title='bbox 619 911 734 948; x_wconf 86' lang='lat' dir='ltr'><strong>esse,</strong></span> <span class='ocrx_word' id='word_1_92' title='bbox 767 894 841 938; x_wconf 87' lang='lat' dir='ltr'><strong>sed</strong></span> <span class='ocrx_word' id='word_1_93' title='bbox 872 897 1072 940; x_wconf 85' lang='lat' dir='ltr'><strong>arteriam</strong></span> <span class='ocrx_word' id='word_1_94' title='bbox 1104 904 1146 939; x_wconf 90' lang='lat' dir='ltr'><strong>et</strong></span> <span class='ocrx_word' id='word_1_95' title='bbox 1175 897 1294 940; x_wconf 87' lang='lat' dir='ltr'><strong>labra</strong></span> <span class='ocrx_word' id='word_1_96' title='bbox 1325 904 1368 941; x_wconf 90' lang='lat' dir='ltr'><strong>et</strong></span> <span class='ocrx_word' id='word_1_97' title='bbox 1397 897 1599 955; x_wconf 85' lang='lat' dir='ltr'><strong>linguam.</strong></span> <span class='ocrx_word' id='word_1_98' title='bbox 1661 897 1784 941; x_wconf 90' lang='lat' dir='ltr'><strong>Haec</strong></span> <span class='ocrx_word' id='word_1_99' title='bbox 1813 904 1954 942; x_wconf 91' lang='lat' dir='ltr'><strong>autem</strong></span> <span class='ocrx_word' id='word_1_100' title='bbox 1977 905 2145 943; x_wconf 84' lang='lat' dir='ltr'><strong>natura·</strong></span> 
     </span>
     <span class='ocr_line' id='line_1_27' title="bbox 352 977 2257 1038; baseline 0.005 -19"><span class='ocrx_word' id='word_1_101' title='bbox 352 977 448 1020; x_wconf 85' lang='lat' dir='ltr'><strong>liter</strong></span> <span class='ocrx_word' id='word_1_102' title='bbox 479 984 595 1034; x_wconf 81' lang='lat' dir='ltr'><strong>sunt3</strong></span> <span class='ocrx_word' id='word_1_103' title='bbox 624 978 631 1036; x_wconf 89' lang='grc' dir='ltr'>Ι</span> <span class='ocrx_word' id='word_1_104' title='bbox 658 978 792 1022; x_wconf 90' lang='lat' dir='ltr'><strong>oratio</strong></span> <span class='ocrx_word' id='word_1_105' title='bbox 832 985 973 1022; x_wconf 86' lang='lat' dir='ltr'><strong>autem</strong></span> <span class='ocrx_word' id='word_1_106' title='bbox 1005 994 1111 1037; x_wconf 88' lang='lat' dir='ltr'><strong>opus</strong></span> <span class='ocrx_word' id='word_1_107' title='bbox 1151 995 1310 1023; x_wconf 84' lang='lat' dir='ltr'><strong>eorum.</strong></span> <span class='ocrx_word' id='word_1_108' title='bbox 1373 979 1494 1038; x_wconf 93' lang='lat' dir='ltr'><strong>Opus</strong></span> <span class='ocrx_word' id='word_1_109' title='bbox 1525 987 1665 1024; x_wconf 83' lang='lat' dir='ltr'><strong>autem</strong></span> <span class='ocrx_word' id='word_1_110' title='bbox 1695 981 1946 1025; x_wconf 83' lang='lat' dir='ltr'><strong>facultatum</strong></span> <span class='ocrx_word' id='word_1_111' title='bbox 1975 987 2143 1025; x_wconf 81' lang='lat' dir='ltr'><strong>natura·</strong></span> <span class='ocrx_word' id='word_1_112' title='bbox 2162 1003 2196 1029; x_wconf 75' lang='lat'><strong>³5</strong></span> <span class='ocrx_word' id='word_1_113' title='bbox 2255 990 2257 995; x_wconf 60' lang='lat'><strong><em>⁴</em></strong></span> 
     </span>
     <span class='ocr_line' id='line_1_28' title="bbox 354 1058 2234 1121; baseline 0.002 -17"><span class='ocrx_word' id='word_1_114' title='bbox 354 1062 455 1105; x_wconf 90' lang='lat' dir='ltr'><strong>lium</strong></span> <span class='ocrx_word' id='word_1_115' title='bbox 487 1067 626 1120; x_wconf 87' lang='lat' dir='ltr'><strong>potest</strong></span> <span class='ocrx_word' id='word_1_116' title='bbox 653 1060 659 1119; x_wconf 96' lang='grc' dir='ltr'>Ι</span> <span class='ocrx_word' id='word_1_117' title='bbox 687 1076 780 1104; x_wconf 89' lang='lat' dir='ltr'><strong>esse</strong></span> <span class='ocrx_word' id='word_1_118' title='bbox 811 1058 912 1104; x_wconf 73' lang='grc' dir='ltr'>κατ-οῖ</span> <span class='ocrx_word' id='word_1_119' title='bbox 945 1059 1148 1118; x_wconf 62' lang='grc' dir='ltr'>συνθήκην.</span> <span class='ocrx_word' id='word_1_120' title='bbox 1210 1061 1390 1105; x_wconf 86' lang='lat' dir='ltr'><strong>Saltatio</strong></span> <span class='ocrx_word' id='word_1_121' title='bbox 1423 1062 1496 1088; x_wconf 78' lang='lat'>¹⁰3⁰</span> <span class='ocrx_word' id='word_1_122' title='bbox 1517 1069 1658 1106; x_wconf 86' lang='lat' dir='ltr'><strong>autem</strong></span> <span class='ocrx_word' id='word_1_123' title='bbox 1689 1063 1779 1106; x_wconf 85' lang='lat' dir='ltr'><strong>sive</strong></span> <span class='ocrx_word' id='word_1_124' title='bbox 1807 1075 1912 1111; x_wconf 72' lang='lat' dir='ltr'><strong>[com]</strong></span> <span class='ocrx_word' id='word_1_125' title='bbox 1940 1060 2144 1121; x_wconf 74' lang='grc' dir='ltr'>ὀρχηστύς,</span> <span class='ocrx_word' id='word_1_126' title='bbox 2163 1085 2234 1119; x_wconf 67' lang='grc' dir='ltr'><strong>εο,ι</strong></span> 
     </span>
     <span class='ocr_line' id='line_1_29' title="bbox 354 1140 2145 1203; baseline 0.002 -15"><span class='ocrx_word' id='word_1_127' title='bbox 354 1161 462 1203; x_wconf 89' lang='lat' dir='ltr'><strong>quae</strong></span> <span class='ocrx_word' id='word_1_128' title='bbox 502 1151 565 1188; x_wconf 91' lang='lat' dir='ltr'><strong>est</strong></span> <span class='ocrx_word' id='word_1_129' title='bbox 603 1140 705 1186; x_wconf 70' lang='grc' dir='ltr'>κατιὲ</span> <span class='ocrx_word' id='word_1_130' title='bbox 744 1141 955 1201; x_wconf 65' lang='grc' dir='ltr'>συνθήκην,</span> <span class='ocrx_word' id='word_1_131' title='bbox 996 1161 1100 1203; x_wconf 92' lang='lat' dir='ltr'><strong>opus</strong></span> <span class='ocrx_word' id='word_1_132' title='bbox 1141 1151 1204 1188; x_wconf 88' lang='lat' dir='ltr'><strong>est</strong></span> <span class='ocrx_word' id='word_1_133' title='bbox 1244 1145 1458 1188; x_wconf 87' lang='lat' dir='ltr'><strong>facultatis</strong></span> <span class='ocrx_word' id='word_1_134' title='bbox 1498 1146 1700 1190; x_wconf 90' lang='lat' dir='ltr'><strong>naturalis</strong></span> <span class='ocrx_word' id='word_1_135' title='bbox 1740 1147 1782 1190; x_wconf 90' lang='lat' dir='ltr'><strong>in</strong></span> <span class='ocrx_word' id='word_1_136' title='bbox 1822 1147 1956 1192; x_wconf 84' lang='lat' dir='ltr'><strong>nobis.</strong></span> <span class='ocrx_word' id='word_1_137' title='bbox 1993 1173 2044 1180; x_wconf 86' lang='lat'><strong>-—</strong></span> <span class='ocrx_word' id='word_1_138' title='bbox 2076 1148 2145 1191; x_wconf 89' lang='lat' dir='ltr'><strong>Ac</strong></span> 
     </span>
     <span class='ocr_line' id='line_1_30' title="bbox 352 1227 2143 1289; baseline 0.002 -18"><span class='ocrx_word' id='word_1_139' title='bbox 352 1244 477 1286; x_wconf 92' lang='lat' dir='ltr'><strong>porro</strong></span> <span class='ocrx_word' id='word_1_140' title='bbox 509 1228 657 1272; x_wconf 86' lang='lat' dir='ltr'><strong>dicunt</strong></span> <span class='ocrx_word' id='word_1_141' title='bbox 688 1228 778 1271; x_wconf 89' lang='lat' dir='ltr'><strong>alii:</strong></span> <span class='ocrx_word' id='word_1_142' title='bbox 826 1227 1039 1281; x_wconf 79' lang='lat' dir='ltr'><strong>Quoniam</strong></span> <span class='ocrx_word' id='word_1_143' title='bbox 1072 1229 1123 1254; x_wconf 77' lang='lat'><strong>¹⁰4</strong></span> <span class='ocrx_word' id='word_1_144' title='bbox 1140 1228 1273 1271; x_wconf 88' lang='lat' dir='ltr'><strong>oratio</strong></span> <span class='ocrx_word' id='word_1_145' title='bbox 1305 1244 1328 1272; x_wconf 90' lang='lat' dir='ltr'><strong>e</strong></span> <span class='ocrx_word' id='word_1_146' title='bbox 1359 1228 1529 1272; x_wconf 92' lang='lat' dir='ltr'><strong>nomine</strong></span> <span class='ocrx_word' id='word_1_147' title='bbox 1562 1236 1605 1273; x_wconf 91' lang='lat' dir='ltr'><strong>et</strong></span> <span class='ocrx_word' id='word_1_148' title='bbox 1634 1230 1764 1274; x_wconf 90' lang='lat' dir='ltr'><strong>verbo</strong></span> <span class='ocrx_word' id='word_1_149' title='bbox 1804 1230 2037 1289; x_wconf 84' lang='lat' dir='ltr'><strong>composita</strong></span> <span class='ocrx_word' id='word_1_150' title='bbox 2068 1238 2143 1287; x_wconf 88' lang='lat' dir='ltr'><strong>est,</strong></span> 
     </span>
     <span class='ocr_line' id='line_1_31' title="bbox 351 1310 2143 1369; baseline 0.002 -15"><span class='ocrx_word' id='word_1_151' title='bbox 351 1311 457 1354; x_wconf 88' lang='lat' dir='ltr'><strong>haec</strong></span> <span class='ocrx_word' id='word_1_152' title='bbox 496 1318 636 1355; x_wconf 88' lang='lat' dir='ltr'><strong>autem</strong></span> <span class='ocrx_word' id='word_1_153' title='bbox 676 1310 910 1355; x_wconf 86' lang='lat' dir='ltr'><strong>secundum</strong></span> <span class='ocrx_word' id='word_1_154' title='bbox 951 1326 1203 1355; x_wconf 89' lang='lat' dir='ltr'><strong>consensum</strong></span> <span class='ocrx_word' id='word_1_155' title='bbox 1244 1317 1359 1366; x_wconf 82' lang='lat' dir='ltr'><strong>sunt,</strong></span> <span class='ocrx_word' id='word_1_156' title='bbox 1401 1310 1598 1369; x_wconf 82' lang='lat' dir='ltr'><strong>adparet,</strong></span> <span class='ocrx_word' id='word_1_157' title='bbox 1641 1313 1767 1356; x_wconf 92' lang='lat' dir='ltr'><strong>etiam</strong></span> <span class='ocrx_word' id='word_1_158' title='bbox 1807 1314 2038 1357; x_wconf 90' lang='lat' dir='ltr'><strong>orationem</strong></span> <span class='ocrx_word' id='word_1_159' title='bbox 2079 1329 2143 1357; x_wconf 90' lang='lat' dir='ltr'><strong>se-</strong></span> 
     </span>
     <span class='ocr_line' id='line_1_32' title="bbox 335 1394 2176 1452; baseline 0.001 -15"><span class='ocrx_word' id='word_1_160' title='bbox 335 1394 537 1438; x_wconf 82' lang='lat' dir='ltr'><strong>cundum</strong></span> <span class='ocrx_word' id='word_1_161' title='bbox 580 1409 832 1438; x_wconf 89' lang='lat' dir='ltr'><strong>consensum</strong></span> <span class='ocrx_word' id='word_1_162' title='bbox 874 1409 977 1437; x_wconf 86' lang='lat' dir='ltr'><strong>esse.</strong></span> <span class='ocrx_word' id='word_1_163' title='bbox 1020 1394 1026 1452; x_wconf 97' lang='grc' dir='ltr'>Ι</span> <span class='ocrx_word' id='word_1_164' title='bbox 1068 1394 1127 1436; x_wconf 85' lang='grc' dir='ltr'><strong>Εῖ</strong></span> <span class='ocrx_word' id='word_1_165' title='bbox 1164 1401 1389 1452; x_wconf 89' lang='lat' dir='ltr'><strong>propterea</strong></span> <span class='ocrx_word' id='word_1_166' title='bbox 1430 1410 1515 1438; x_wconf 91' lang='lat' dir='ltr'><strong>non</strong></span> <span class='ocrx_word' id='word_1_167' title='bbox 1561 1395 1722 1439; x_wconf 86' lang='lat' dir='ltr'><strong>addidit</strong></span> <span class='ocrx_word' id='word_1_168' title='bbox 1767 1396 1997 1442; x_wconf 89' lang='lat' dir='ltr'><strong>secundum</strong></span> <span class='ocrx_word' id='word_1_169' title='bbox 2044 1412 2140 1440; x_wconf 86' lang='lat' dir='ltr'><strong>con·</strong></span> <span class='ocrx_word' id='word_1_170' title='bbox 2160 1412 2176 1438; x_wconf 84' lang='lat'>5</span> 
     </span>
     <span class='ocr_line' id='line_1_33' title="bbox 351 1476 2141 1538; baseline 0.001 -18"><span class='ocrx_word' id='word_1_171' title='bbox 351 1490 534 1520; x_wconf 85' lang='lat' dir='ltr'><strong>sensum.</strong></span> <span class='ocrx_word' id='word_1_172' title='bbox 576 1477 635 1520; x_wconf 84' lang='lat' dir='ltr'><strong>Et</strong></span> <span class='ocrx_word' id='word_1_173' title='bbox 662 1477 942 1535; x_wconf 89' lang='lat' dir='ltr'><strong>respondetur</strong></span> <span class='ocrx_word' id='word_1_174' title='bbox 973 1477 1045 1520; x_wconf 82' lang='lat' dir='ltr'><strong>iis:</strong></span> <span class='ocrx_word' id='word_1_175' title='bbox 1076 1476 1320 1521; x_wconf 83' lang='lat' dir='ltr'><strong>Secundum</strong></span> <span class='ocrx_word' id='word_1_176' title='bbox 1352 1477 1461 1521; x_wconf 88' lang='lat' dir='ltr'><strong>hanc</strong></span> <span class='ocrx_word' id='word_1_177' title='bbox 1494 1479 1745 1522; x_wconf 86' lang='lat' dir='ltr'><strong>sententiam</strong></span> <span class='ocrx_word' id='word_1_178' title='bbox 1781 1494 1835 1522; x_wconf 90' lang='lat' dir='ltr'><strong>ne</strong></span> <span class='ocrx_word' id='word_1_179' title='bbox 1870 1479 2141 1538; x_wconf 84' lang='lat' dir='ltr'><strong>,significans‘</strong></span> 
     </span>
     <span class='ocr_line' id='line_1_34' title="bbox 351 1559 2141 1619; baseline 0.001 -15"><span class='ocrx_word' id='word_1_180' title='bbox 351 1561 522 1619; x_wconf 91' lang='lat' dir='ltr'><strong>quidem</strong></span> <span class='ocrx_word' id='word_1_181' title='bbox 563 1576 659 1604; x_wconf 88' lang='lat' dir='ltr'><strong>eum</strong></span> <span class='ocrx_word' id='word_1_182' title='bbox 701 1575 860 1618; x_wconf 91' lang='lat' dir='ltr'><strong>ponere</strong></span> <span class='ocrx_word' id='word_1_183' title='bbox 900 1559 1140 1603; x_wconf 91' lang='lat' dir='ltr'><strong>debiturum</strong></span> <span class='ocrx_word' id='word_1_184' title='bbox 1180 1560 1323 1603; x_wconf 89' lang='lat' dir='ltr'><strong>fuisse.</strong></span> <span class='ocrx_word' id='word_1_185' title='bbox 1388 1559 1501 1613; x_wconf 83' lang='lat' dir='ltr'><strong>Quia</strong></span> <span class='ocrx_word' id='word_1_186' title='bbox 1540 1561 1650 1605; x_wconf 90' lang='lat' dir='ltr'><strong>enim</strong></span> <span class='ocrx_word' id='word_1_187' title='bbox 1683 1578 1705 1605; x_wconf 90' lang='lat' dir='ltr'><strong>e</strong></span> <span class='ocrx_word' id='word_1_188' title='bbox 1737 1562 1906 1606; x_wconf 90' lang='lat' dir='ltr'><strong>nomine</strong></span> <span class='ocrx_word' id='word_1_189' title='bbox 1938 1569 1980 1606; x_wconf 90' lang='lat' dir='ltr'><strong>et</strong></span> <span class='ocrx_word' id='word_1_190' title='bbox 2010 1563 2141 1607; x_wconf 87' lang='lat' dir='ltr'><strong>verbo</strong></span> 
     </span>
     <span class='ocr_line' id='line_1_35' title="bbox 352 1643 2142 1704; baseline 0.002 -19"><span class='ocrx_word' id='word_1_191' title='bbox 352 1650 518 1687; x_wconf 90' lang='lat' dir='ltr'><strong>constat</strong></span> <span class='ocrx_word' id='word_1_192' title='bbox 549 1643 698 1698; x_wconf 88' lang='lat' dir='ltr'><strong>oratio,</strong></span> <span class='ocrx_word' id='word_1_193' title='bbox 729 1644 836 1686; x_wconf 92' lang='lat' dir='ltr'><strong>haec</strong></span> <span class='ocrx_word' id='word_1_194' title='bbox 867 1650 1009 1704; x_wconf 82' lang='lat' dir='ltr'><strong>autem</strong></span> <span class='ocrx_word' id='word_1_195' title='bbox 1031 1658 1159 1686; x_wconf 87' lang='lat' dir='ltr'><strong>voces</strong></span> <span class='ocrx_word' id='word_1_196' title='bbox 1184 1650 1281 1686; x_wconf 88' lang='lat' dir='ltr'><strong>sunt</strong></span> <span class='ocrx_word' id='word_1_197' title='bbox 1309 1643 1630 1701; x_wconf 86' lang='lat' dir='ltr'><strong>significativae,</strong></span> <span class='ocrx_word' id='word_1_198' title='bbox 1663 1661 1748 1690; x_wconf 88' lang='lat' dir='ltr'><strong>non</strong></span> <span class='ocrx_word' id='word_1_199' title='bbox 1779 1645 1909 1703; x_wconf 87' lang='lat' dir='ltr'><strong>igitur</strong></span> <span class='ocrx_word' id='word_1_200' title='bbox 1940 1645 2142 1689; x_wconf 86' lang='lat' dir='ltr'><strong>debuerat</strong></span> 
     </span>
     <span class='ocr_line' id='line_1_36' title="bbox 351 1726 2139 1785; baseline 0.001 -16"><span class='ocrx_word' id='word_1_201' title='bbox 351 1741 444 1769; x_wconf 86' lang='lat' dir='ltr'><strong>eam</strong></span> <span class='ocrx_word' id='word_1_202' title='bbox 478 1726 620 1770; x_wconf 88' lang='lat' dir='ltr'><strong>dicere</strong></span> <span class='ocrx_word' id='word_1_203' title='bbox 652 1726 974 1784; x_wconf 84' lang='lat' dir='ltr'><strong>significantem.</strong></span> <span class='ocrx_word' id='word_1_204' title='bbox 1012 1751 1069 1757; x_wconf 88' lang='lat'><strong>-—</strong></span> <span class='ocrx_word' id='word_1_205' title='bbox 1110 1729 1313 1770; x_wconf 89' lang='lat' dir='ltr'><strong>Attamen</strong></span> <span class='ocrx_word' id='word_1_206' title='bbox 1353 1728 1656 1785; x_wconf 88' lang='lat' dir='ltr'><strong>respondemus</strong></span> <span class='ocrx_word' id='word_1_207' title='bbox 1693 1729 1747 1771; x_wconf 90' lang='lat' dir='ltr'><strong>ad</strong></span> <span class='ocrx_word' id='word_1_208' title='bbox 1776 1729 1886 1771; x_wconf 88' lang='lat' dir='ltr'><strong>hanc</strong></span> <span class='ocrx_word' id='word_1_209' title='bbox 1916 1728 2139 1772; x_wconf 82' lang='lat' dir='ltr'><strong>dubitatio·</strong></span> 
     </span>
     <span class='ocr_line' id='line_1_37' title="bbox 350 1804 2192 1868; baseline 0 -16"><span class='ocrx_word' id='word_1_210' title='bbox 350 1823 467 1852; x_wconf 86' lang='lat' dir='ltr'><strong>nem:</strong></span> <span class='ocrx_word' id='word_1_211' title='bbox 508 1809 573 1853; x_wconf 84' lang='lat' dir='ltr'><strong>Eo</strong></span> <span class='ocrx_word' id='word_1_212' title='bbox 604 1808 720 1868; x_wconf 92' lang='lat' dir='ltr'><strong>quod</strong></span> <span class='ocrx_word' id='word_1_213' title='bbox 750 1809 892 1867; x_wconf 88' lang='lat' dir='ltr'><strong>posuit</strong></span> <span class='ocrx_word' id='word_1_214' title='bbox 922 1804 962 1865; x_wconf 71' lang='grc' dir='ltr'><strong>ἧς</strong></span> <span class='ocrx_word' id='word_1_215' title='bbox 993 1809 1064 1851; x_wconf 80' lang='grc' dir='ltr'><strong>τῶν</strong></span> <span class='ocrx_word' id='word_1_216' title='bbox 1094 1808 1212 1866; x_wconf 80' lang='grc' dir='ltr'>μερῶν</span> <span class='ocrx_word' id='word_1_217' title='bbox 1239 1808 1246 1864; x_wconf 97' lang='grc' dir='ltr'>Ι</span> <span class='ocrx_word' id='word_1_218' title='bbox 1274 1827 1309 1851; x_wconf 80' lang='grc' dir='ltr'><strong>τι</strong></span> <span class='ocrx_word' id='word_1_219' title='bbox 1341 1806 1566 1866; x_wconf 79' lang='grc' dir='ltr'>σημαντικόν</span> <span class='ocrx_word' id='word_1_220' title='bbox 1599 1812 1679 1854; x_wconf 82' lang='grc' dir='ltr'>ἐστι</span> <span class='ocrx_word' id='word_1_221' title='bbox 1709 1810 1980 1868; x_wconf 80' lang='grc' dir='ltr'>κεχωρισμένον</span> <span class='ocrx_word' id='word_1_222' title='bbox 2012 1811 2137 1854; x_wconf 82' lang='lat' dir='ltr'><strong>etiam</strong></span> <span class='ocrx_word' id='word_1_223' title='bbox 2159 1826 2192 1852; x_wconf 81' lang='grc' dir='ltr'><strong>ιο</strong></span> 
     </span>
     <span class='ocr_line' id='line_1_38' title="bbox 350 1889 2140 1952; baseline 0.001 -17"><span class='ocrx_word' id='word_1_224' title='bbox 350 1891 455 1935; x_wconf 89' lang='lat' dir='ltr'><strong>illud</strong></span> <span class='ocrx_word' id='word_1_225' title='bbox 492 1889 594 1935; x_wconf 70' lang='grc' dir='ltr'>κατοὶ</span> <span class='ocrx_word' id='word_1_226' title='bbox 633 1890 824 1948; x_wconf 59' lang='grc' dir='ltr'>συνθήκην</span> <span class='ocrx_word' id='word_1_227' title='bbox 857 1892 1190 1950; x_wconf 90' lang='lat' dir='ltr'><strong>comprehendit.</strong></span> <span class='ocrx_word' id='word_1_228' title='bbox 1254 1892 1304 1918; x_wconf 82' lang='lat'><strong>¹⁰⁵</strong></span> <span class='ocrx_word' id='word_1_229' title='bbox 1321 1892 1463 1936; x_wconf 87' lang='lat' dir='ltr'><strong>Omne</strong></span> <span class='ocrx_word' id='word_1_230' title='bbox 1502 1893 1615 1937; x_wconf 91' lang='lat' dir='ltr'><strong>enim</strong></span> <span class='ocrx_word' id='word_1_231' title='bbox 1653 1894 1898 1952; x_wconf 83' lang='lat' dir='ltr'><strong>significans</strong></span> <span class='ocrx_word' id='word_1_232' title='bbox 1937 1894 2005 1938; x_wconf 89' lang='lat' dir='ltr'><strong>cui</strong></span> <span class='ocrx_word' id='word_1_233' title='bbox 2043 1910 2140 1952; x_wconf 87' lang='lat' dir='ltr'><strong>pars</strong></span> 
     </span>
     <span class='ocr_line' id='line_1_39' title="bbox 350 1975 2140 2034; baseline 0.001 -16"><span class='ocrx_word' id='word_1_234' title='bbox 350 1982 436 2030; x_wconf 87' lang='lat' dir='ltr'><strong>est,</strong></span> <span class='ocrx_word' id='word_1_235' title='bbox 475 1990 584 2033; x_wconf 85' lang='lat' dir='ltr'><strong>quae</strong></span> <span class='ocrx_word' id='word_1_236' title='bbox 625 1981 821 2033; x_wconf 87' lang='lat' dir='ltr'><strong>separata</strong></span> <span class='ocrx_word' id='word_1_237' title='bbox 860 1975 1073 2034; x_wconf 82' lang='lat' dir='ltr'><strong>significat</strong></span> <span class='ocrx_word' id='word_1_238' title='bbox 1118 1975 1298 2032; x_wconf 89' lang='lat' dir='ltr'><strong>aliquid,</strong></span> <span class='ocrx_word' id='word_1_239' title='bbox 1338 1977 1577 2019; x_wconf 88' lang='lat' dir='ltr'><strong>necessario</strong></span> <span class='ocrx_word' id='word_1_240' title='bbox 1619 1977 1850 2020; x_wconf 91' lang='lat' dir='ltr'><strong>secundum</strong></span> <span class='ocrx_word' id='word_1_241' title='bbox 1890 1992 2140 2020; x_wconf 84' lang='lat' dir='ltr'><strong>consensum</strong></span> 
     </span>
     <span class='ocr_line' id='line_1_40' title="bbox 350 2057 2137 2119; baseline 0.001 -19"><span class='ocrx_word' id='word_1_242' title='bbox 350 2063 426 2102; x_wconf 82' lang='lat' dir='ltr'><strong>est.</strong></span> <span class='ocrx_word' id='word_1_243' title='bbox 456 2082 513 2089; x_wconf 89' lang='lat'>—</span> <span class='ocrx_word' id='word_1_244' title='bbox 552 2058 618 2100; x_wconf 89' lang='lat' dir='ltr'><strong>Ac</strong></span> <span class='ocrx_word' id='word_1_245' title='bbox 657 2073 784 2116; x_wconf 86' lang='lat' dir='ltr'><strong>porro</strong></span> <span class='ocrx_word' id='word_1_246' title='bbox 823 2058 1035 2101; x_wconf 89' lang='lat' dir='ltr'><strong>haesitant</strong></span> <span class='ocrx_word' id='word_1_247' title='bbox 1074 2064 1116 2100; x_wconf 92' lang='lat' dir='ltr'><strong>et</strong></span> <span class='ocrx_word' id='word_1_248' title='bbox 1153 2057 1290 2100; x_wconf 85' lang='lat' dir='ltr'><strong>aiunt:</strong></span> <span class='ocrx_word' id='word_1_249' title='bbox 1344 2057 1431 2101; x_wconf 83' lang='lat' dir='ltr'><strong>Cur</strong></span> <span class='ocrx_word' id='word_1_250' title='bbox 1470 2074 1554 2102; x_wconf 91' lang='lat' dir='ltr'><strong>non</strong></span> <span class='ocrx_word' id='word_1_251' title='bbox 1594 2059 1702 2102; x_wconf 86' lang='lat' dir='ltr'><strong>dixit</strong></span> <span class='ocrx_word' id='word_1_252' title='bbox 1740 2075 1833 2104; x_wconf 88' lang='lat' dir='ltr'><strong>eam</strong></span> <span class='ocrx_word' id='word_1_253' title='bbox 1874 2058 2137 2119; x_wconf 85' lang='lat' dir='ltr'><strong>[orationem]</strong></span> 
     </span>
     <span class='ocr_line' id='line_1_41' title="bbox 349 2133 2138 2198; baseline 0.002 -16"><span class='ocrx_word' id='word_1_254' title='bbox 349 2136 451 2183; x_wconf 63' lang='lat' dir='ltr'><strong>notro?</strong></span> <span class='ocrx_word' id='word_1_255' title='bbox 482 2138 616 2195; x_wconf 82' lang='grc' dir='ltr'>χρόνον</span> <span class='ocrx_word' id='word_1_256' title='bbox 647 2148 721 2184; x_wconf 86' lang='lat' dir='ltr'><strong>aut</strong></span> <span class='ocrx_word' id='word_1_257' title='bbox 752 2133 833 2184; x_wconf 66' lang='grc' dir='ltr'><strong>ἄνευ</strong></span> <span class='ocrx_word' id='word_1_258' title='bbox 864 2138 1036 2196; x_wconf 74' lang='grc' dir='ltr'>χρόνουῬ</span> <span class='ocrx_word' id='word_1_259' title='bbox 1067 2166 1124 2171; x_wconf 93' lang='grc'>-</span> <span class='ocrx_word' id='word_1_260' title='bbox 1156 2139 1214 2183; x_wconf 89' lang='grc' dir='ltr'><strong>Εῖ</strong></span> <span class='ocrx_word' id='word_1_261' title='bbox 1244 2141 1547 2198; x_wconf 86' lang='lat' dir='ltr'><strong>respondemus</strong></span> <span class='ocrx_word' id='word_1_262' title='bbox 1578 2142 1652 2185; x_wconf 86' lang='lat' dir='ltr'><strong>iis:</strong></span> <span class='ocrx_word' id='word_1_263' title='bbox 1673 2143 1723 2169; x_wconf 85' lang='lat'><strong>¹⁰⁶</strong></span> <span class='ocrx_word' id='word_1_264' title='bbox 1761 2142 1807 2187; x_wconf 86' lang='lat' dir='ltr'><strong>Si</strong></span> <span class='ocrx_word' id='word_1_265' title='bbox 1839 2143 2016 2188; x_wconf 84' lang='lat' dir='ltr'><strong>dixisset</strong></span> <span class='ocrx_word' id='word_1_266' title='bbox 2047 2158 2138 2186; x_wconf 90' lang='lat' dir='ltr'><strong>eam</strong></span> 
     </span>
     <span class='ocr_line' id='line_1_42' title="bbox 350 2223 2190 2284; baseline 0.001 -19"><span class='ocrx_word' id='word_1_267' title='bbox 350 2223 457 2278; x_wconf 86' lang='lat' dir='ltr'><strong>,sine</strong></span> <span class='ocrx_word' id='word_1_268' title='bbox 487 2226 707 2282; x_wconf 82' lang='lat' dir='ltr'><strong>tempore‘,</strong></span> <span class='ocrx_word' id='word_1_269' title='bbox 739 2224 1093 2282; x_wconf 85' lang='lat' dir='ltr'><strong>praetermisisset</strong></span> <span class='ocrx_word' id='word_1_270' title='bbox 1119 2223 1124 2280; x_wconf 97' lang='grc' dir='ltr'>Ι</span> <span class='ocrx_word' id='word_1_271' title='bbox 1153 2223 1363 2267; x_wconf 88' lang='lat' dir='ltr'><strong>orationes</strong></span> <span class='ocrx_word' id='word_1_272' title='bbox 1395 2239 1487 2279; x_wconf 84' lang='lat' dir='ltr'><strong>eas,</strong></span> <span class='ocrx_word' id='word_1_273' title='bbox 1530 2241 1638 2282; x_wconf 88' lang='lat' dir='ltr'><strong>quae</strong></span> <span class='ocrx_word' id='word_1_274' title='bbox 1677 2225 1722 2268; x_wconf 94' lang='lat' dir='ltr'><strong>in</strong></span> <span class='ocrx_word' id='word_1_275' title='bbox 1758 2241 2012 2284; x_wconf 91' lang='lat' dir='ltr'><strong>unaquaque</strong></span> <span class='ocrx_word' id='word_1_276' title='bbox 2045 2242 2136 2270; x_wconf 84' lang='lat' dir='ltr'><strong>sua·</strong></span> <span class='ocrx_word' id='word_1_277' title='bbox 2157 2240 2190 2267; x_wconf 86' lang='lat'><strong>15</strong></span> 
     </span>
     <span class='ocr_line' id='line_1_43' title="bbox 350 2294 2140 2364; baseline 0.001 -15"><span class='ocrx_word' id='word_1_278' title='bbox 350 2321 443 2349; x_wconf 90' lang='lat' dir='ltr'><strong>rum</strong></span> <span class='ocrx_word' id='word_1_279' title='bbox 474 2307 658 2364; x_wconf 88' lang='lat' dir='ltr'><strong>partium</strong></span> <span class='ocrx_word' id='word_1_280' title='bbox 691 2307 934 2364; x_wconf 87' lang='lat' dir='ltr'><strong>significant</strong></span> <span class='ocrx_word' id='word_1_281' title='bbox 963 2294 1142 2364; x_wconf 88' lang='lat' dir='ltr'><strong>tempus.</strong></span> <span class='ocrx_word' id='word_1_282' title='bbox 1203 2307 1279 2332; x_wconf 73' lang='lat'><strong>¹⁰⁶²</strong></span> <span class='ocrx_word' id='word_1_283' title='bbox 1297 2306 1492 2350; x_wconf 90' lang='lat' dir='ltr'><strong>Dicimus</strong></span> <span class='ocrx_word' id='word_1_284' title='bbox 1531 2307 1643 2350; x_wconf 92' lang='lat' dir='ltr'><strong>enim</strong></span> <span class='ocrx_word' id='word_1_285' title='bbox 1674 2323 1773 2351; x_wconf 86' lang='lat' dir='ltr'><strong>nos:</strong></span> <span class='ocrx_word' id='word_1_286' title='bbox 1813 2307 2045 2352; x_wconf 89' lang='lat' dir='ltr'><strong>Ambulare</strong></span> <span class='ocrx_word' id='word_1_287' title='bbox 2077 2315 2140 2352; x_wconf 86' lang='lat' dir='ltr'><strong>est</strong></span> 
     </span>
     <span class='ocr_line' id='line_1_44' title="bbox 350 2389 2139 2449; baseline 0.001 -17"><span class='ocrx_word' id='word_1_288' title='bbox 350 2389 524 2432; x_wconf 88' lang='lat' dir='ltr'><strong>moveri.</strong></span> <span class='ocrx_word' id='word_1_289' title='bbox 591 2389 651 2432; x_wconf 89' lang='lat' dir='ltr'><strong>Et</strong></span> <span class='ocrx_word' id='word_1_290' title='bbox 688 2389 794 2433; x_wconf 90' lang='lat' dir='ltr'><strong>haec</strong></span> <span class='ocrx_word' id='word_1_291' title='bbox 842 2389 975 2433; x_wconf 88' lang='lat' dir='ltr'><strong>oratio</strong></span> <span class='ocrx_word' id='word_1_292' title='bbox 1014 2396 1077 2433; x_wconf 88' lang='lat' dir='ltr'><strong>est</strong></span> <span class='ocrx_word' id='word_1_293' title='bbox 1117 2395 1282 2447; x_wconf 90' lang='lat' dir='ltr'><strong>tempus</strong></span> <span class='ocrx_word' id='word_1_294' title='bbox 1322 2389 1589 2447; x_wconf 86' lang='lat' dir='ltr'><strong>significans,</strong></span> <span class='ocrx_word' id='word_1_295' title='bbox 1628 2405 1707 2434; x_wconf 90' lang='lat' dir='ltr'><strong>nec</strong></span> <span class='ocrx_word' id='word_1_296' title='bbox 1738 2391 1830 2449; x_wconf 90' lang='lat' dir='ltr'><strong>ipsa</strong></span> <span class='ocrx_word' id='word_1_297' title='bbox 1868 2391 2025 2446; x_wconf 90' lang='lat' dir='ltr'><strong>solum,</strong></span> <span class='ocrx_word' id='word_1_298' title='bbox 2066 2390 2139 2434; x_wconf 89' lang='lat' dir='ltr'><strong>sed</strong></span> 
     </span>
     <span class='ocr_line' id='line_1_45' title="bbox 350 2471 2139 2537; baseline 0.001 -22"><span class='ocrx_word' id='word_1_299' title='bbox 350 2472 477 2515; x_wconf 90' lang='lat' dir='ltr'><strong>etiam</strong></span> <span class='ocrx_word' id='word_1_300' title='bbox 515 2478 656 2529; x_wconf 89' lang='lat' dir='ltr'><strong>partes</strong></span> <span class='ocrx_word' id='word_1_301' title='bbox 698 2472 799 2516; x_wconf 88' lang='lat' dir='ltr'><strong>eius.</strong></span> <span class='ocrx_word' id='word_1_302' title='bbox 859 2471 1119 2528; x_wconf 86' lang='lat' dir='ltr'><strong>,Secundum</strong></span> <span class='ocrx_word' id='word_1_303' title='bbox 1158 2474 1337 2530; x_wconf 88' lang='lat' dir='ltr'><strong>tempus‘</strong></span> <span class='ocrx_word' id='word_1_304' title='bbox 1377 2479 1519 2516; x_wconf 91' lang='lat' dir='ltr'><strong>autem</strong></span> <span class='ocrx_word' id='word_1_305' title='bbox 1556 2489 1642 2516; x_wconf 90' lang='lat' dir='ltr'><strong>non</strong></span> <span class='ocrx_word' id='word_1_306' title='bbox 1683 2474 1792 2517; x_wconf 81' lang='lat' dir='ltr'><strong>dixit</strong></span> <span class='ocrx_word' id='word_1_307' title='bbox 1829 2488 1923 2517; x_wconf 90' lang='lat' dir='ltr'><strong>eam</strong></span> <span class='ocrx_word' id='word_1_308' title='bbox 1967 2480 2139 2537; x_wconf 83' lang='lat' dir='ltr'><strong>propter</strong></span> 
     </span>
     <span class='ocr_line' id='line_1_46' title="bbox 350 2541 2229 2615; baseline 0.002 -18"><span class='ocrx_word' id='word_1_309' title='bbox 350 2554 585 2598; x_wconf 84' lang='lat' dir='ltr'><strong>orationem</strong></span> <span class='ocrx_word' id='word_1_310' title='bbox 616 2570 711 2599; x_wconf 88' lang='lat' dir='ltr'><strong>eam</strong></span> <span class='ocrx_word' id='word_1_311' title='bbox 742 2570 850 2613; x_wconf 91' lang='lat' dir='ltr'><strong>quae</strong></span> <span class='ocrx_word' id='word_1_312' title='bbox 871 2571 957 2598; x_wconf 89' lang='lat' dir='ltr'><strong>non</strong></span> <span class='ocrx_word' id='word_1_313' title='bbox 988 2555 1201 2612; x_wconf 85' lang='lat' dir='ltr'><strong>significat</strong></span> <span class='ocrx_word' id='word_1_314' title='bbox 1224 2555 1267 2598; x_wconf 89' lang='lat' dir='ltr'><strong>in</strong></span> <span class='ocrx_word' id='word_1_315' title='bbox 1287 2571 1541 2614; x_wconf 89' lang='lat' dir='ltr'><strong>unaquaque</strong></span> <span class='ocrx_word' id='word_1_316' title='bbox 1561 2558 1745 2614; x_wconf 85' lang='lat' dir='ltr'><strong>partium</strong></span> <span class='ocrx_word' id='word_1_317' title='bbox 1766 2572 1936 2601; x_wconf 85' lang='lat' dir='ltr'><strong>suarum</strong></span> <span class='ocrx_word' id='word_1_318' title='bbox 1956 2563 2135 2615; x_wconf 75' lang='lat' dir='ltr'><strong>tempus,</strong></span> <span class='ocrx_word' id='word_1_319' title='bbox 2172 2574 2174 2577; x_wconf 88' lang='lat'>·</span> <span class='ocrx_word' id='word_1_320' title='bbox 2223 2541 2229 2561; x_wconf 27' lang='grc' dir='ltr'>Ι</span> 
     </span>
    </p>

    <p class='ocr_par' dir='ltr' id='par_1_6' title="bbox 346 2636 2227 3111">
     <span class='ocr_line' id='line_1_47' title="bbox 349 2636 2225 2698; baseline 0.003 -19"><span class='ocrx_word' id='word_1_321' title='bbox 349 2652 387 2681; x_wconf 88' lang='grc' dir='ltr'><strong>θ.</strong></span> <span class='ocrx_word' id='word_1_322' title='bbox 419 2652 482 2694; x_wconf 89' lang='lat' dir='ltr'><strong>gr.</strong></span> <span class='ocrx_word' id='word_1_323' title='bbox 511 2636 656 2681; x_wconf 93' lang='lat' dir='ltr'><strong>Homo</strong></span> <span class='ocrx_word' id='word_1_324' title='bbox 684 2637 690 2695; x_wconf 94' lang='grc' dir='ltr'>Ι</span> <span class='ocrx_word' id='word_1_325' title='bbox 717 2638 875 2682; x_wconf 85' lang='lat' dir='ltr'><strong>animal</strong></span> <span class='ocrx_word' id='word_1_326' title='bbox 915 2645 990 2692; x_wconf 90' lang='lat' dir='ltr'><strong>est,</strong></span> <span class='ocrx_word' id='word_1_327' title='bbox 1031 2643 1073 2681; x_wconf 93' lang='lat' dir='ltr'><strong>et</strong></span> <span class='ocrx_word' id='word_1_328' title='bbox 1112 2637 1198 2681; x_wconf 89' lang='lat' dir='ltr'><strong>iam</strong></span> <span class='ocrx_word' id='word_1_329' title='bbox 1237 2638 1370 2682; x_wconf 85' lang='lat' dir='ltr'><strong>oratio</strong></span> <span class='ocrx_word' id='word_1_330' title='bbox 1410 2645 1474 2681; x_wconf 90' lang='lat' dir='ltr'><strong>est</strong></span> <span class='ocrx_word' id='word_1_331' title='bbox 1484 2671 1495 2693; x_wconf 88' lang='lat'><strong>,</strong></span> <span class='ocrx_word' id='word_1_332' title='bbox 1534 2654 1614 2682; x_wconf 92' lang='lat' dir='ltr'><strong>nec</strong></span> <span class='ocrx_word' id='word_1_333' title='bbox 1652 2655 1753 2683; x_wconf 87' lang='lat' dir='ltr'><strong>vero</strong></span> <span class='ocrx_word' id='word_1_334' title='bbox 1785 2646 1951 2698; x_wconf 87' lang='lat' dir='ltr'><strong>tempus</strong></span> <span class='ocrx_word' id='word_1_335' title='bbox 1981 2646 2071 2684; x_wconf 84' lang='lat' dir='ltr'><strong>tota</strong></span> <span class='ocrx_word' id='word_1_336' title='bbox 2087 2639 2135 2665; x_wconf 84' lang='lat'><strong>¹⁰⁷</strong></span> <span class='ocrx_word' id='word_1_337' title='bbox 2155 2650 2190 2678; x_wconf 81' lang='lat'><strong>²⁰</strong></span> <span class='ocrx_word' id='word_1_338' title='bbox 2223 2679 2225 2698; x_wconf 83' lang='lat'>:</span> 
     </span>
     <span class='ocr_line' id='line_1_48' title="bbox 349 2710 2227 2779; baseline 0.001 -16"><span class='ocrx_word' id='word_1_339' title='bbox 349 2719 580 2778; x_wconf 85' lang='lat' dir='ltr'><strong>significat,</strong></span> <span class='ocrx_word' id='word_1_340' title='bbox 621 2735 700 2764; x_wconf 89' lang='lat' dir='ltr'><strong>nec</strong></span> <span class='ocrx_word' id='word_1_341' title='bbox 739 2721 841 2765; x_wconf 90' lang='lat' dir='ltr'><strong>item</strong></span> <span class='ocrx_word' id='word_1_342' title='bbox 879 2726 1020 2779; x_wconf 90' lang='lat' dir='ltr'><strong>partes</strong></span> <span class='ocrx_word' id='word_1_343' title='bbox 1060 2720 1162 2764; x_wconf 85' lang='lat' dir='ltr'><strong>eius.</strong></span> <span class='ocrx_word' id='word_1_344' title='bbox 1203 2746 1260 2752; x_wconf 94' lang='lat'><strong>—-</strong></span> <span class='ocrx_word' id='word_1_345' title='bbox 1298 2721 1365 2765; x_wconf 91' lang='lat' dir='ltr'><strong>Ac</strong></span> <span class='ocrx_word' id='word_1_346' title='bbox 1402 2736 1529 2779; x_wconf 89' lang='lat' dir='ltr'><strong>porro</strong></span> <span class='ocrx_word' id='word_1_347' title='bbox 1567 2722 1788 2768; x_wconf 80' lang='lat' dir='ltr'><strong>dubitant:</strong></span> <span class='ocrx_word' id='word_1_348' title='bbox 1837 2721 1926 2766; x_wconf 87' lang='lat' dir='ltr'><strong>Cur</strong></span> <span class='ocrx_word' id='word_1_349' title='bbox 1954 2722 2062 2766; x_wconf 85' lang='lat' dir='ltr'><strong>dixit</strong></span> <span class='ocrx_word' id='word_1_350' title='bbox 2091 2718 2138 2774; x_wconf 78' lang='grc' dir='ltr'><strong>ὦς</strong></span> <span class='ocrx_word' id='word_1_351' title='bbox 2225 2710 2227 2715; x_wconf 52' lang='grc'><strong>’</strong></span> 
     </span>
     <span class='ocr_line' id='line_1_49' title="bbox 349 2798 2223 2866; baseline 0.001 -20"><span class='ocrx_word' id='word_1_352' title='bbox 349 2801 466 2856; x_wconf 67' lang='grc' dir='ltr'>φάσις</span> <span class='ocrx_word' id='word_1_353' title='bbox 498 2798 582 2846; x_wconf 75' lang='grc' dir='ltr'>ἀλλ’</span> <span class='ocrx_word' id='word_1_354' title='bbox 615 2800 692 2859; x_wconf 76' lang='grc' dir='ltr'><strong>οὐχ</strong></span> <span class='ocrx_word' id='word_1_355' title='bbox 722 2799 768 2856; x_wconf 76' lang='grc' dir='ltr'><strong>ὥς</strong></span> <span class='ocrx_word' id='word_1_356' title='bbox 798 2800 1049 2858; x_wconf 62' lang='grc' dir='ltr'>κατάφασιςῗ</span> <span class='ocrx_word' id='word_1_357' title='bbox 1085 2802 1305 2847; x_wconf 86' lang='lat' dir='ltr'><strong>Interdum</strong></span> <span class='ocrx_word' id='word_1_358' title='bbox 1346 2803 1459 2847; x_wconf 92' lang='lat' dir='ltr'><strong>enim</strong></span> <span class='ocrx_word' id='word_1_359' title='bbox 1501 2804 1629 2848; x_wconf 88' lang='lat' dir='ltr'><strong>etiam</strong></span> <span class='ocrx_word' id='word_1_360' title='bbox 1659 2805 1916 2861; x_wconf 76' lang='lat' dir='ltr'><strong>‚affirmatio‘</strong></span> <span class='ocrx_word' id='word_1_361' title='bbox 1945 2811 2010 2848; x_wconf 84' lang='lat' dir='ltr'><strong>est</strong></span> <span class='ocrx_word' id='word_1_362' title='bbox 2037 2820 2135 2863; x_wconf 79' lang='lat' dir='ltr'><strong>pars</strong></span> <span class='ocrx_word' id='word_1_363' title='bbox 2195 2863 2197 2866; x_wconf 27' lang='grc' dir='ltr'>Ι</span> <span class='ocrx_word' id='word_1_364' title='bbox 2222 2851 2223 2854; x_wconf 50' lang='lat'><strong>,</strong></span> 
     </span>
     <span class='ocr_line' id='line_1_50' title="bbox 350 2885 2134 2947; baseline 0.002 -19"><span class='ocrx_word' id='word_1_365' title='bbox 350 2885 565 2929; x_wconf 83' lang='lat' dir='ltr'><strong>orationis.</strong></span> <span class='ocrx_word' id='word_1_366' title='bbox 613 2911 671 2917; x_wconf 93' lang='lat'><strong>—-</strong></span> <span class='ocrx_word' id='word_1_367' title='bbox 721 2885 781 2929; x_wconf 90' lang='lat' dir='ltr'><strong>Et</strong></span> <span class='ocrx_word' id='word_1_368' title='bbox 824 2885 1129 2944; x_wconf 89' lang='lat' dir='ltr'><strong>respondemus</strong></span> <span class='ocrx_word' id='word_1_369' title='bbox 1166 2886 1237 2929; x_wconf 75' lang='lat' dir='ltr'><strong>iist</strong></span> <span class='ocrx_word' id='word_1_370' title='bbox 1284 2886 1336 2912; x_wconf 76' lang='lat'><strong>¹0⁸</strong></span> <span class='ocrx_word' id='word_1_371' title='bbox 1351 2887 1404 2930; x_wconf 92' lang='lat' dir='ltr'><strong>de</strong></span> <span class='ocrx_word' id='word_1_372' title='bbox 1451 2887 1640 2931; x_wconf 89' lang='lat' dir='ltr'><strong>oratione</strong></span> <span class='ocrx_word' id='word_1_373' title='bbox 1687 2887 1869 2947; x_wconf 87' lang='lat' dir='ltr'><strong>simplici</strong></span> <span class='ocrx_word' id='word_1_374' title='bbox 1908 2902 2000 2932; x_wconf 87' lang='lat' dir='ltr'><strong>esse</strong></span> <span class='ocrx_word' id='word_1_375' title='bbox 2046 2887 2134 2932; x_wconf 82' lang='lat' dir='ltr'><strong>eius</strong></span> 
     </span>
     <span class='ocr_line' id='line_1_51' title="bbox 347 2967 2201 3029; baseline 0.001 -17"><span class='ocrx_word' id='word_1_376' title='bbox 347 2967 690 3027; x_wconf 87' lang='lat' dir='ltr'><strong>disputationem,</strong></span> <span class='ocrx_word' id='word_1_377' title='bbox 722 2984 808 3012; x_wconf 91' lang='lat' dir='ltr'><strong>non</strong></span> <span class='ocrx_word' id='word_1_378' title='bbox 837 2968 891 3013; x_wconf 89' lang='lat' dir='ltr'><strong>de</strong></span> <span class='ocrx_word' id='word_1_379' title='bbox 921 2968 1112 3013; x_wconf 83' lang='lat' dir='ltr'><strong>oratione</strong></span> <span class='ocrx_word' id='word_1_380' title='bbox 1134 2969 1368 3027; x_wconf 85' lang='lat' dir='ltr'><strong>composita</strong></span> <span class='ocrx_word' id='word_1_381' title='bbox 1389 2984 1440 3012; x_wconf 88' lang='lat' dir='ltr'><strong>ea</strong></span> <span class='ocrx_word' id='word_1_382' title='bbox 1461 2970 1530 3013; x_wconf 89' lang='lat' dir='ltr'><strong>cui</strong></span> <span class='ocrx_word' id='word_1_383' title='bbox 1556 2968 1563 3028; x_wconf 97' lang='grc' dir='ltr'>Ι</span> <span class='ocrx_word' id='word_1_384' title='bbox 1589 2969 1814 3014; x_wconf 87' lang='lat' dir='ltr'><strong>affirmatio</strong></span> <span class='ocrx_word' id='word_1_385' title='bbox 1835 2985 1934 3029; x_wconf 84' lang='lat' dir='ltr'><strong>pars</strong></span> <span class='ocrx_word' id='word_1_386' title='bbox 1954 2977 2032 3015; x_wconf 87' lang='lat' dir='ltr'><strong>est.</strong></span> <span class='ocrx_word' id='word_1_387' title='bbox 2075 2970 2201 3014; x_wconf 64' lang='lat' dir='ltr'><strong>Em</strong></span> 
     </span>
     <span class='ocr_line' id='line_1_52' title="bbox 346 3050 2134 3111; baseline 0.002 -17"><span class='ocrx_word' id='word_1_388' title='bbox 346 3050 520 3110; x_wconf 76' lang='lat' dir='ltr'><strong>‚phasis‘</strong></span> <span class='ocrx_word' id='word_1_389' title='bbox 550 3057 728 3095; x_wconf 87' lang='lat' dir='ltr'><strong>vocatur</strong></span> <span class='ocrx_word' id='word_1_390' title='bbox 756 3066 913 3096; x_wconf 88' lang='lat' dir='ltr'><strong>nomen</strong></span> <span class='ocrx_word' id='word_1_391' title='bbox 950 3051 1020 3095; x_wconf 67' lang='lat' dir='ltr'><strong>vel</strong></span> <span class='ocrx_word' id='word_1_392' title='bbox 1048 3051 1228 3095; x_wconf 86' lang='lat' dir='ltr'><strong>verbum</strong></span> <span class='ocrx_word' id='word_1_393' title='bbox 1257 3050 1427 3110; x_wconf 84' lang='lat' dir='ltr'><strong>quando</strong></span> <span class='ocrx_word' id='word_1_394' title='bbox 1458 3058 1556 3096; x_wconf 89' lang='lat' dir='ltr'><strong>sunt</strong></span> <span class='ocrx_word' id='word_1_395' title='bbox 1584 3068 1684 3111; x_wconf 83' lang='lat' dir='ltr'><strong>pars</strong></span> <span class='ocrx_word' id='word_1_396' title='bbox 1715 3052 1916 3097; x_wconf 86' lang='lat' dir='ltr'><strong>orationis</strong></span> <span class='ocrx_word' id='word_1_397' title='bbox 1945 3053 2134 3098; x_wconf 66' lang='lat' dir='ltr'><strong>enuntia-</strong></span> 
     </span>
    </p>

    <p class='ocr_par' dir='ltr' id='par_1_7' title="bbox 217 3128 2174 3533">
     <span class='ocr_line' id='line_1_53' title="bbox 270 3128 2174 3192; baseline 0.001 -15"><span class='ocrx_word' id='word_1_398' title='bbox 270 3172 278 3184; x_wconf 30' lang='lat' dir='ltr'>x</span> <span class='ocrx_word' id='word_1_399' title='bbox 345 3133 473 3179; x_wconf 75' lang='lat' dir='ltr'><strong>tivae.</strong></span> <span class='ocrx_word' id='word_1_400' title='bbox 503 3158 561 3166; x_wconf 87' lang='lat'><strong>——</strong></span> <span class='ocrx_word' id='word_1_401' title='bbox 591 3135 660 3178; x_wconf 87' lang='lat' dir='ltr'><strong>Ac</strong></span> <span class='ocrx_word' id='word_1_402' title='bbox 689 3149 816 3192; x_wconf 86' lang='lat' dir='ltr'><strong>porro</strong></span> <span class='ocrx_word' id='word_1_403' title='bbox 846 3134 1060 3179; x_wconf 86' lang='lat' dir='ltr'><strong>dubitant:</strong></span> <span class='ocrx_word' id='word_1_404' title='bbox 1092 3131 1204 3177; x_wconf 83' lang='lat' dir='ltr'><strong>Cum</strong></span> <span class='ocrx_word' id='word_1_405' title='bbox 1234 3132 1396 3178; x_wconf 84' lang='lat' dir='ltr'><strong>diceret</strong></span> <span class='ocrx_word' id='word_1_406' title='bbox 1425 3128 1471 3186; x_wconf 75' lang='grc' dir='ltr'><strong>ὥς</strong></span> <span class='ocrx_word' id='word_1_407' title='bbox 1502 3130 1619 3189; x_wconf 82' lang='grc' dir='ltr'>φοίσις</span> <span class='ocrx_word' id='word_1_408' title='bbox 1648 3135 1702 3178; x_wconf 67' lang='grc'><strong>,109</strong></span> <span class='ocrx_word' id='word_1_409' title='bbox 1718 3150 1795 3180; x_wconf 83' lang='lat' dir='ltr'><strong>cur</strong></span> <span class='ocrx_word' id='word_1_410' title='bbox 1825 3134 1950 3179; x_wconf 84' lang='lat' dir='ltr'><strong>dixit:</strong></span> <span class='ocrx_word' id='word_1_411' title='bbox 1981 3131 2059 3192; x_wconf 75' lang='grc' dir='ltr'><strong>οὐχ</strong></span> <span class='ocrx_word' id='word_1_412' title='bbox 2087 3131 2135 3190; x_wconf 66' lang='grc' dir='ltr'><strong>ὥς</strong></span> <span class='ocrx_word' id='word_1_413' title='bbox 2172 3133 2174 3141; x_wconf 62' lang='grc'><strong>“</strong></span> 
     </span>
     <span class='ocr_line' id='line_1_54' title="bbox 344 3212 2165 3297; baseline 0.002 -38"><span class='ocrx_word' id='word_1_414' title='bbox 344 3212 583 3272; x_wconf 72' lang='grc' dir='ltr'><strong>κατάφασις,</strong></span> <span class='ocrx_word' id='word_1_415' title='bbox 611 3231 693 3260; x_wconf 87' lang='lat' dir='ltr'><strong>nec</strong></span> <span class='ocrx_word' id='word_1_416' title='bbox 724 3215 843 3272; x_wconf 83' lang='lat' dir='ltr'><strong>dixit,</strong></span> <span class='ocrx_word' id='word_1_417' title='bbox 876 3213 952 3272; x_wconf 80' lang='grc' dir='ltr'><strong>οὔχ</strong></span> <span class='ocrx_word' id='word_1_418' title='bbox 983 3212 1029 3270; x_wconf 76' lang='grc' dir='ltr'><strong>ὥς</strong></span> <span class='ocrx_word' id='word_1_419' title='bbox 1058 3212 1288 3271; x_wconf 53' lang='lat' dir='ltr'><strong>duddan-19?</strong></span> <span class='ocrx_word' id='word_1_420' title='bbox 1310 3255 1314 3258; x_wconf 75' lang='grc'>,</span> <span class='ocrx_word' id='word_1_421' title='bbox 1359 3215 1417 3259; x_wconf 87' lang='grc' dir='ltr'><strong>Εῖ</strong></span> <span class='ocrx_word' id='word_1_422' title='bbox 1445 3216 1748 3275; x_wconf 77' lang='lat' dir='ltr'><strong>respondemus</strong></span> <span class='ocrx_word' id='word_1_423' title='bbox 1778 3217 1851 3261; x_wconf 83' lang='lat' dir='ltr'><strong>iis:</strong></span> <span class='ocrx_word' id='word_1_424' title='bbox 1894 3214 2165 3297; x_wconf 52' lang='lat' dir='ltr'><strong>Gausapa*</strong></span> 
     </span>
     <span class='ocr_line' id='line_1_55' title="bbox 347 3291 1956 3359; baseline 0.003 -17"><span class='ocrx_word' id='word_1_425' title='bbox 347 3297 456 3343; x_wconf 79' lang='lat' dir='ltr'><strong>duae</strong></span> <span class='ocrx_word' id='word_1_426' title='bbox 482 3313 556 3343; x_wconf 81' lang='lat' dir='ltr'><strong>res</strong></span> <span class='ocrx_word' id='word_1_427' title='bbox 586 3305 631 3342; x_wconf 86' lang='lat' dir='ltr'><strong>et</strong></span> <span class='ocrx_word' id='word_1_428' title='bbox 656 3299 752 3343; x_wconf 75' lang='lat' dir='ltr'><strong>vult</strong></span> <span class='ocrx_word' id='word_1_429' title='bbox 775 3299 935 3359; x_wconf 77' lang='lat' dir='ltr'><strong>aliquis</strong></span> <span class='ocrx_word' id='word_1_430' title='bbox 954 3291 1109 3344; x_wconf 81' lang='lat' dir='ltr'><strong>afferre</strong></span> <span class='ocrx_word' id='word_1_431' title='bbox 1137 3297 1552 3351; x_wconf 78' lang='lat' dir='ltr'><strong>demonstrationem,</strong></span> <span class='ocrx_word' id='word_1_432' title='bbox 1583 3300 1639 3344; x_wconf 82' lang='lat' dir='ltr'><strong>ab</strong></span> <span class='ocrx_word' id='word_1_433' title='bbox 1658 3306 1754 3344; x_wconf 81' lang='lat' dir='ltr'><strong>utra</strong></span> <span class='ocrx_word' id='word_1_434' title='bbox 1771 3296 1919 3347; x_wconf 70' lang='lat' dir='ltr'><strong>earum</strong></span> <span class='ocrx_word' id='word_1_435' title='bbox 1945 3299 1956 3359; x_wconf 89' lang='grc' dir='ltr'>Ι</span> 
     </span>
     <span class='ocr_line' id='line_1_56' title="bbox 217 3372 2143 3441; baseline 0.003 -21"><span class='ocrx_word' id='word_1_436' title='bbox 217 3393 276 3420; x_wconf 68' lang='grc' dir='ltr'><strong>ιη</strong></span> <span class='ocrx_word' id='word_1_437' title='bbox 291 3395 327 3422; x_wconf 71' lang='grc' dir='ltr'><strong>ιε</strong></span> <span class='ocrx_word' id='word_1_438' title='bbox 344 3380 462 3434; x_wconf 80' lang='lat' dir='ltr'><strong>velit,</strong></span> <span class='ocrx_word' id='word_1_439' title='bbox 496 3395 586 3426; x_wconf 79' lang='lat' dir='ltr'><strong>non</strong></span> <span class='ocrx_word' id='word_1_440' title='bbox 623 3381 814 3427; x_wconf 84' lang='lat' dir='ltr'><strong>interest.</strong></span> <span class='ocrx_word' id='word_1_441' title='bbox 874 3382 1034 3440; x_wconf 83' lang='lat' dir='ltr'><strong>Atque.</strong></span> <span class='ocrx_word' id='word_1_442' title='bbox 1053 3381 1112 3441; x_wconf 49' lang='grc' dir='ltr'><strong>Ἴἰιιι</strong></span> <span class='ocrx_word' id='word_1_443' title='bbox 1132 3380 1214 3424; x_wconf 86' lang='lat' dir='ltr'><strong>hoc</strong></span> <span class='ocrx_word' id='word_1_444' title='bbox 1239 3380 1516 3440; x_wconf 72' lang='lat' dir='ltr'><strong>reprehensio</strong></span> <span class='ocrx_word' id='word_1_445' title='bbox 1545 3391 1639 3427; x_wconf 67' lang='lat' dir='ltr'><strong>non?</strong></span> <span class='ocrx_word' id='word_1_446' title='bbox 1663 3374 2065 3441; x_wconf 54' lang='grc' dir='ltr'><strong>θειωθξέ-’Δὲλὸφῃ</strong></span> <span class='ocrx_word' id='word_1_447' title='bbox 2103 3372 2143 3426; x_wconf 51' lang='lat' dir='ltr'><strong>*f</strong></span> 
     </span>
     <span class='ocr_line' id='line_1_57' title="bbox 329 3454 2113 3523; baseline 0.001 -3"><span class='ocrx_word' id='word_1_448' title='bbox 329 3462 428 3507; x_wconf 43' lang='lat' dir='ltr'><strong>&amp;rt</strong></span> <span class='ocrx_word' id='word_1_449' title='bbox 456 3458 564 3521; x_wconf 55' lang='lat' dir='ltr'><strong>ww?</strong></span> <span class='ocrx_word' id='word_1_450' title='bbox 593 3459 808 3522; x_wconf 64' lang='grc' dir='ltr'><strong>σημαντικὴ</strong></span> <span class='ocrx_word' id='word_1_451' title='bbox 836 3454 879 3520; x_wconf 61' lang='grc' dir='ltr'><strong>ἧς</strong></span> <span class='ocrx_word' id='word_1_452' title='bbox 905 3462 976 3508; x_wconf 61' lang='grc' dir='ltr'><strong>τῶν</strong></span> <span class='ocrx_word' id='word_1_453' title='bbox 1003 3462 1124 3522; x_wconf 50' lang='lat' dir='ltr'><strong>saep&amp;</strong></span> <span class='ocrx_word' id='word_1_454' title='bbox 1146 3480 1191 3507; x_wconf 54' lang='grc' dir='ltr'><strong>τι</strong></span> <span class='ocrx_word' id='word_1_455' title='bbox 1219 3456 1446 3522; x_wconf 55' lang='lat' dir='ltr'><strong>ansanum*</strong></span> <span class='ocrx_word' id='word_1_456' title='bbox 1461 3455 1567 3508; x_wconf 48' lang='grc' dir='ltr'><strong>-ἷήὶ</strong></span> <span class='ocrx_word' id='word_1_457' title='bbox 1595 3458 1992 3523; x_wconf 53' lang='lat' dir='ltr'><strong>’‘⁶wadeoe</strong></span> <span class='ocrx_word' id='word_1_458' title='bbox 2007 3469 2025 3520; x_wconf 59' lang='lat' dir='ltr'><strong>n?</strong></span> <span class='ocrx_word' id='word_1_459' title='bbox 2105 3475 2113 3493; x_wconf 82' lang='lat'><strong>&#39;-</strong></span> 
     </span>
    </p>

    <p class='ocr_par' dir='ltr' id='par_1_8' title="bbox 226 3627 1966 3708">
     <span class='ocr_line' id='line_1_58' title="bbox 226 3627 1966 3708; baseline -0.002 -6"><span class='ocrx_word' id='word_1_460' title='bbox 226 3684 231 3694; x_wconf 64' lang='grc' dir='ltr'><strong><em>ι</em></strong></span> <span class='ocrx_word' id='word_1_461' title='bbox 280 3675 312 3702; x_wconf 59' lang='grc' dir='ltr'><strong>ν·</strong></span> <span class='ocrx_word' id='word_1_462' title='bbox 347 3661 350 3668; x_wconf 91' lang='grc'><strong>’</strong></span> <span class='ocrx_word' id='word_1_463' title='bbox 410 3694 418 3700; x_wconf 81' lang='lat'><strong>.,</strong></span> <span class='ocrx_word' id='word_1_464' title='bbox 606 3678 630 3708; x_wconf 76' lang='lat'><strong>·.1</strong></span> <span class='ocrx_word' id='word_1_465' title='bbox 668 3687 669 3691; x_wconf 66' lang='lat'><em>=</em></span> <span class='ocrx_word' id='word_1_466' title='bbox 754 3670 805 3708; x_wconf 58' lang='lat' dir='ltr'><strong>eva</strong></span> <span class='ocrx_word' id='word_1_467' title='bbox 835 3666 855 3683; x_wconf 69' lang='grc'><strong>’·</strong></span> <span class='ocrx_word' id='word_1_468' title='bbox 887 3678 919 3702; x_wconf 49' lang='grc' dir='ltr'>κ</span> <span class='ocrx_word' id='word_1_469' title='bbox 949 3664 970 3683; x_wconf 83' lang='grc'><strong>·’</strong></span> <span class='ocrx_word' id='word_1_470' title='bbox 1054 3692 1076 3703; x_wconf 65' lang='grc'><strong>.,</strong></span> <span class='ocrx_word' id='word_1_471' title='bbox 1112 3638 1492 3699; x_wconf 59' lang='lat'><strong>⁴⁴²</strong></span> <span class='ocrx_word' id='word_1_472' title='bbox 1757 3644 1871 3681; x_wconf 27' lang='grc' dir='ltr'><strong>’ὒν</strong></span> <span class='ocrx_word' id='word_1_473' title='bbox 1924 3627 1966 3637; x_wconf 44' lang='grc' dir='ltr'><strong><em>Π</em></strong></span> 
     </span>
    </p>
   </div>
   <div class='ocr_carea' id='block_1_4' title="bbox 954 3698 1224 3748">
    <p class='ocr_par' dir='ltr' id='par_1_9' title="bbox 954 3698 1224 3748">
     <span class='ocr_line' id='line_1_59' title="bbox 954 3698 1224 3748; baseline 0.004 -1"><span class='ocrx_word' id='word_1_474' title='bbox 954 3698 987 3739; x_wconf 58' lang='lat' dir='ltr'><strong>‘sn</strong></span> <span class='ocrx_word' id='word_1_475' title='bbox 1004 3737 1012 3742; x_wconf 81' lang='lat'><em>-</em></span> <span class='ocrx_word' id='word_1_476' title='bbox 1029 3722 1086 3748; x_wconf 55' lang='grc' dir='ltr'><strong>μ.</strong></span> <span class='ocrx_word' id='word_1_477' title='bbox 1110 3700 1176 3748; x_wconf 65' lang='lat' dir='ltr'><strong>:²&#39; </strong></span> <span class='ocrx_word' id='word_1_478' title='bbox 1212 3703 1224 3714; x_wconf 62' lang='lat'><em>⁵</em></span> 
     </span>
    </p>
   </div>
  </div>
 </body>
</html>
