2274 3762
1590 276 1605 292 ⁰
1726 278 1728 280 ’
1838 259 1927 309 '101

1126 377 1183 395 >x
1234 377 1274 396 tu
1380 378 1390 393 ²

0 378 4 438 Ι
140 388 318 425 vocare.
384 382 432 424 A.
489 376 591 424 ἆλλοῖ
633 379 969 439 προσαγορεύωμεν
1008 395 1052 420 sic
1091 399 1184 425 αυτο
1222 400 1327 439 ρημα
1367 379 1563 437 αόριστον,
1600 375 1854 451 ’ἕτιομοίωςι
1876 378 1930 436 ἐφ’

0 447 2 451 y
56 479 141 512 τωο
153 458 303 506 ὁτουοῦν
333 459 522 518 ὖποίρχει,
554 461 617 505 καὶ
650 454 749 515 ἔντος
778 461 842 506 καὶ
872 460 925 521 μὴ
955 455 1067 516 ὄντος.
1128 467 1172 508 Ρ.
1206 464 1283 508 Ait
1313 465 1510 524 igiturz⁸⁴
1535 464 1542 522 Ι
1569 465 1670 509 Non
1700 481 1807 509 voco
1838 481 1930 508 ver-

147 547 248 590 bum
287 542 331 588 τό
371 541 427 597 ,οὗ
468 542 622 602 κοίμνεκ,
661 546 762 604 quia
799 546 1008 591 infinitum
1047 547 1206 605 aliquid
1246 548 1469 606 significat.
1528 547 1698 591 Dicitur
1729 547 1840 591 enim
1880 546 1932 590 de

143 627 332 686 quolibet
368 635 538 686 praeter
575 644 671 672 eum
711 629 782 687 qui
821 630 1005 686 laborat3
1044 629 1145 672 licet
1182 630 1283 673 mihi
1327 631 1438 674 enim
1486 630 1626 674 dicere
1668 635 1710 672 et
1750 629 1802 673 de
1844 630 1930 684 illo,

146 710 219 768 qui
248 717 439 754 mortuus
471 717 548 766 est,
581 727 677 754 eum
710 727 810 765 ,non
839 713 1062 767 laborare‘,
1095 719 1138 754 et
1159 713 1210 756 de
1231 713 1318 767 illo,
1349 714 1420 771 qui
1442 714 1564 756 vivus
1588 711 1697 771 [estJ.
1729 716 1779 755 A.
1803 708 1933 768 ὁμοίως

145 793 186 836 δὲ
218 794 291 820 ¹³³¹
323 791 386 836 καὶ
419 790 460 836 vd
492 790 629 848 ὗγίανεν
668 791 731 836 καὶ
774 790 814 836 τὸ
854 790 997 847 ὑγιανεῖ
1031 790 1072 836 οὗ
1111 789 1233 851 ῥῆμα,
1275 792 1376 839 ἀλλά
1419 796 1559 846 πτῶσις
1602 797 1668 837 τοῦ
1705 791 1884 851 ῥήματος.
1899 794 1932 819 ⁸⁵

94 892 127 918 15
144 879 190 920 P.
222 876 413 920 Verbum
443 884 585 920 autem
617 884 742 920 vocat
772 878 815 921 id
843 876 848 936 Ι
876 878 989 936 quod
1020 878 1234 935 significat
1262 885 1427 936 tempus
1465 894 1686 936 praesens;
1718 878 1759 921 id
1792 886 1932 920 autem

143 959 305 1017 “quod
336 959 550 1016 significat
579 966 744 1018 tempus
776 961 1050 1018 praeteritum
1082 968 1124 1004 et
1154 961 1278 1016 illud,
1310 962 1421 1019 quod
1453 963 1659 1015 futurum,
1692 975 1778 1003 non
1809 966 1935 1002 vocat

145 1043 321 1086 verbum
353 1042 428 1086 sed
460 1058 605 1086 casum
637 1043 768 1087 verbi.
831 1048 882 1086 A.
917 1041 965 1087 τά
998 1044 1038 1087 δὲ
1070 1042 1131 1087 τὸν
1165 1045 1271 1100 πέριξ
1300 1042 1445 1099 χρόνον.
1507 1047 1550 1087 P.
1589 1044 1672 1087 Pro
1705 1042 1932 1101 praeterito

145 1131 188 1167 et
216 1125 357 1168 futuro
388 1125 502 1168 dicit.
566 1128 616 1170 Α.
645 1125 679 1151 8⁷
702 1122 799 1168 αὐτοὶ
831 1126 894 1183 μὲν
926 1117 986 1169 οῧν
1017 1122 1105 1171 καθ’
1141 1122 1256 1169 ἑαυτά
1288 1123 1465 1183 λεγόμενα
1501 1122 1546 1169 τά
1578 1122 1735 1183 ῥήματα
1768 1120 1934 1182 ὄνόματιί

91 1222 126 1247 20
145 1208 227 1250 ἔστι
256 1204 319 1250 καὶ
352 1207 521 1264 σημαίνει
554 1227 601 1250 τι.
661 1211 706 1252 Ρ.
738 1209 843 1252 Vult
866 1208 870 1263 Ι
896 1210 1050 1265 dicere,
1074 1210 1316 1268 significare
1338 1211 1468 1253 verba
1496 1210 1654 1267 aliquid
1684 1216 1728 1252 ut
1749 1208 1933 1262 nomina,

145 1296 188 1332 et
216 1290 298 1333 hoc
329 1289 465 1332 simile
498 1306 590 1334 esse
623 1292 800 1335 verbum
830 1292 1013 1335 nominis
1050 1299 1092 1336 et
1122 1293 1216 1336 ideo
1249 1293 1421 1337 nomina
1452 1300 1578 1336 vocat
1606 1293 1747 1335 verba.
1796 1292 1935 1336 Omne

145 1372 256 1416 enim
289 1372 535 1431 significans
566 1374 680 1431 quod
712 1382 777 1417 est
798 1375 1030 1419 secundum
1053 1391 1319 1431 consensum,
1350 1377 1521 1419 nomina
1551 1377 1585 1402 ⁸⁸
1599 1392 1752 1419 vocare
1786 1376 1933 1419 solent.

144 1456 313 1500 Nomen
342 1456 474 1514 igitur
505 1456 659 1500 dicitur
690 1457 745 1513 id,
779 1457 890 1516 quod
922 1458 1139 1502 definitum
1172 1465 1235 1502 est
1266 1475 1290 1501 a
1325 1459 1447 1502 nobis
1469 1476 1608 1518 supra,
1642 1466 1768 1517 atque
1800 1459 1933 1501 omnis

144 1539 272 1582 dictio
311 1539 607 1597 significativa.
679 1544 728 1583 Α.
780 1538 911 1596 ἵστησι
948 1537 1020 1595 γάρ
1065 1537 1082 1583 ὅ
1122 1540 1235 1596 λέγων
1276 1538 1340 1597 τὴν
1390 1539 1570 1592 διάνοιαν,
1610 1539 1672 1584 καὶ
1713 1537 1729 1582 ὃ
1770 1537 1934 1593 ἀκούσας

94 1639 127 1664 2⁵
146 1618 339 1679 ἠρέμησεν.
399 1624 443 1666 Ρ.
483 1622 589 1666 Vult
622 1622 627 1681 Ι
657 1623 856 1681 expedire
889 1621 1232 1682 [κατασκευαίζειν],
1273 1625 1513 1682 significare
1553 1626 1729 1668 verbum
1761 1624 1933 1682 aliquid,

146 1705 179 1732 ⁸⁹
191 1705 290 1748 Hoc
322 1712 463 1749 autem
496 1706 670 1764 expedit
699 1722 775 1764 per
805 1708 1121 1765 responsionem
1156 1709 1245 1751 eius
1278 1708 1349 1765 qui
1380 1707 1666 1764 interrogatus
1699 1715 1772 1750 est.
1824 1707 1934 1750 Nam

144 1788 180 1832 si
218 1788 504 1847 interrogatur
543 1790 658 1847 quis:
707 1788 836 1844 ‚Quid
875 1789 1014 1848 agis?‘
1062 1796 1104 1833 et
1148 1806 1397 1849 responsum
1442 1790 1599 1833 reddit:
1649 1791 1860 1844 ‚ambulo‘‚
1899 1789 1934 1832 is

84 1897 87 1899 ·
145 1873 217 1931 qui
248 1872 422 1923 audivit,
454 1872 665 1916 intellexit
696 1879 738 1916 et
769 1873 912 1916 tacuit.
976 1871 1051 1916 Sin
1088 1879 1228 1916 autem
1260 1889 1346 1916 non
1378 1873 1658 1931 significasset
1690 1873 1728 1916 ei
1761 1871 1932 1931 aliquid,

144 1972 229 2000 non
258 1955 472 1999 tacuisset.
534 1956 654 2013 Ergo
686 1956 897 2014 significat
933 1956 1094 2013 aliquid
1127 1957 1314 1999 verbum.
1377 1959 1428 1998 A.
1481 1953 1562 2000 ἀλλ’
1604 1957 1635 1998 εἰ
1668 1954 1766 1998 ἔστιν
1805 1950 1828 2011 ἢ
1869 1952 1933 2012 μή,

91 2053 125 2078 ³0
144 2027 249 2081 οὔπω
277 2039 282 2096 Ι
309 2056 346 2080 τι
377 2050 422 2076 sic
454 2038 637 2095 σημαίνει.
697 2041 743 2081 Ρ.
775 2039 872 2082 Hoc
904 2045 1042 2083 autem
1083 2039 1163 2083 ait:
1202 2040 1334 2083 verba
1373 2039 1542 2097 quidem
1581 2039 1823 2096 significare
1862 2038 1934 2081 ali-

143 2120 257 2179 quid,
289 2136 375 2164 non
406 2127 547 2164 autem
579 2122 731 2164 falsum
760 2128 833 2165 aut
863 2137 1010 2165 verum
1044 2121 1186 2165 dicere
1216 2122 1308 2179 ipsa
1338 2137 1414 2179 per
1449 2137 1552 2164 sese.
1605 2122 1701 2164 Hoc
1725 2122 1835 2164 enim
1859 2128 1934 2175 est,

144 2203 258 2262 quod
297 2203 447 2247 dicit⁹⁰
487 2199 570 2247 οἷλλ>
604 2203 636 2245 εἰ
666 2201 766 2246 ἔστιν
799 2197 823 2260 ἢ
853 2202 918 2261 μή.
986 2204 1098 2248 Illud
1138 2204 1250 2248 enim
1291 2202 1387 2248 ἔστιν
1433 2199 1451 2260 ἢ
1490 2201 1543 2261 μή
1582 2220 1658 2262 pro
1699 2200 1881 2260 οἷληὲεύει
1914 2198 1935 2258 ἢ

144 2282 196 2343 μὴ
226 2282 408 2343 ἀληθεύει
439 2286 624 2344 positum
656 2294 732 2330 est.
758 2312 811 2319 -
833 2287 978 2345 Atque
1008 2287 1221 2331 dubitant:
1255 2288 1284 2313 ⁹¹
1301 2287 1345 2331 Is
1379 2287 1450 2346 qui
1482 2288 1768 2345 interrogatur
1801 2295 1843 2329 et
1872 2303 1934 2330 re-

92 2390 126 2416 35
146 2384 346 2428 sponsum
377 2369 515 2412 reddit
546 2370 679 2412 solum
712 2386 788 2428 per
818 2370 997 2414 verbum
1028 2371 1097 2413 vel
1119 2370 1294 2425 ,scribit‘
1323 2371 1328 2427 Ι
1356 2371 1424 2413 vel
1453 2371 1667 2425 ,ambulat
1697 2376 1770 2413 aut
1790 2385 1935 2412 verum

54 2473 126 2506 τω
145 2459 218 2497 aut
260 2453 413 2496 falsum
459 2453 622 2496 asserit.
697 2453 791 2496 Iam
836 2453 965 2511 igitur
1010 2455 1186 2497 verbum
1232 2469 1308 2511 per
1354 2469 1398 2497 se
1434 2453 1439 2510 Ι
1475 2469 1622 2496 verum
1667 2459 1740 2495 aut
1784 2452 1935 2495 falsum

146 2550 347 2580 asserere.
380 2561 435 2567 —
466 2536 525 2579 Et
561 2535 866 2594 respondemus
906 2536 959 2579 ad
999 2536 1099 2590 hoc,
1140 2536 1182 2578 id
1223 2542 1449 2594 propterea
1488 2551 1635 2578 verum
1676 2542 1748 2577 aut
1785 2534 1933 2577 falsum

145 2618 300 2674 dicere,
333 2618 447 2677 quod
472 2619 725 2676 intelligitur
755 2619 797 2662 in
820 2619 951 2663 verbo
975 2619 1065 2662 sive
1097 2619 1162 2674 ‚is‘
1194 2619 1283 2662 sive
1315 2618 1412 2674 ,hic‘
1444 2619 1533 2661 sive
1565 2618 1768 2675 ,quidam‘
1798 2631 1935 2674 neque

145 2716 247 2746 vero
277 2717 480 2760 umquam
511 2718 660 2745 verum
692 2709 765 2746 aut
793 2702 948 2746 falsum
989 2702 1150 2753 dicere,
1190 2708 1486 2760 praeterquam
1526 2700 1637 2758 quod
1676 2699 1936 2754 intelligatur

109 2784 235 2829 ssive
265 2784 343 2811 ¹³³*
379 2800 476 2828 cum
516 2784 613 2839 ,hic‘
654 2784 742 2828 sive
782 2784 883 2839 ‚ille‘
918 2779 982 2843 [ὃ]
1017 2784 1103 2827 sive
1135 2784 1350 2842 ‚quidam‘.
1412 2784 1470 2826 Et
1499 2784 1651 2826 iterum
1678 2783 1686 2839 Ι
1712 2782 1934 2830 haesitant,

144 2883 220 2912 cur
249 2882 303 2911 ne
334 2867 387 2910 de
417 2867 589 2910 nomine
619 2866 791 2925 quidem
824 2866 1064 2924 quaesierit,
1096 2873 1236 2910 utrum
1259 2872 1332 2908 aut
1357 2882 1503 2909 verum
1527 2873 1598 2909 aut
1617 2866 1769 2908 falsum
1792 2864 1934 2907 dicat?

144 2976 203 2984 —
223 2951 283 2995 Et
302 2950 627 3009 respondemus:
658 2949 829 2994 Nomen
849 2949 1065 2993 neminem
1086 2955 1347 3007 exspectare,
1370 2963 1516 2992 verum
1540 2954 1612 2991 aut
1631 2948 1782 2990 falsum
1806 2945 1933 3003 signi-

145 3034 288 3079 ficare.
350 3032 511 3090 ,Lapis‘
543 3032 656 3076 enim
695 3047 774 3076 nec
813 3047 961 3076 verum
999 3047 1079 3075 nec
1118 3032 1270 3075 falsum
1308 3030 1540 3088 significat3
1578 3030 1755 3073 verbum
1794 3034 1933 3071 autem

145 3122 418 3176 exspectatur
438 3122 512 3159 aut
531 3130 679 3158 verum
701 3122 774 3159 aut
792 3116 946 3159 falsum
978 3115 1134 3167 dicere,
1166 3114 1266 3172 quia
1295 3113 1424 3156 trahit
1454 3128 1598 3156 secum
1629 3127 1757 3155 unum
1790 3125 1934 3152 eorum

95 3213 131 3240 ιο
147 3213 256 3258 quae
286 3197 401 3241 dicta
431 3203 540 3241 sunt.
555 3197 589 3222 ⁹²
634 3197 694 3240 Et
722 3204 947 3256 propterea
977 3197 1088 3255 apud
1119 3197 1250 3240 verba
1276 3195 1414 3253 potius
1434 3197 1438 3250 Ι
1462 3196 1542 3238 hoc
1573 3191 1931 3237 commemoravit.

146 3280 286 3325 Aliter
305 3286 446 3324 autem
459 3295 470 3323 e
483 3279 517 3305 ⁹³
537 3279 636 3338 quia
657 3279 702 3323 in
721 3280 938 3338 prooemio
961 3279 1013 3322 de
1034 3278 1205 3322 nomine
1226 3277 1344 3331 dixit,
1375 3291 1460 3319 non
1480 3291 1628 3319 verum
1650 3288 1787 3332 neque
1809 3273 1933 3316 etiam

22 3416 35 3430 ΙΙ
73 3364 302 3409 -1,.‚÷falsum
333 3376 534 3407 asserere.
589 3361 762 3405 Dixit⁹⁴
791 3361 905 3405 enim
935 3360 1230 3405 hircocervum
1271 3358 1513 3417 significare
1553 3356 1724 3415 quidem
1763 3354 1933 3412 aliquid,

127 3450 236 3492 *non
263 3450 367 3490 vero
397 3459 545 3490 verum
577 3449 652 3490 aut
679 3443 833 3489 fulsum
864 3443 1020 3505 dicere.
1082 3441 1191 3487 Cum
1220 3455 1323 3486 vero
1353 3440 1490 3499 primo
1521 3439 1575 3483 de
1604 3437 1776 3482 nomine
1807 3451 1933 3495 quae-

1954 393 2014 419 leb
2028 393 2061 419 u

1955 720 2060 746 16b16

1953 1055 2012 1084 1611
2029 1057 2062 1083 18

1954 1137 2015 1162 1612
2030 1136 2062 1162 19

1955 1553 2062 1578 ffibio

1954 1972 2011 1997 leb
2029 1972 2059 1997 21
