2274 3762
142 389 278 448 primo
312 387 433 445 scire,
465 388 566 448 quid
597 389 652 433 sit
683 405 856 448 scopus3
888 396 931 434 et
950 390 1100 434 eodem
1122 389 1248 434 modo
1269 382 1470 448 deinceps
1491 391 1543 435 de
1567 390 1734 450 singulo
1767 406 1936 450 quoque

19 486 28 489 ⁴
51 475 58 481 “
109 486 288 516 ieorum
343 471 570 530 disputatio
616 472 838 530 procedat,
880 488 963 532 qua
1009 473 1062 517 de
1109 488 1259 516 caussa
1300 473 1308 531 Ι
1349 473 1514 531 prolata
1562 472 1656 516 sint.
1736 471 1900 531 Scopus
1918 474 1936 498 4

46 557 77 576 ²
139 553 273 612 igitur
311 560 395 597 est:
443 555 651 599 absolutio
696 556 1007 614 praecogitata,
1063 572 1099 600 e.
1139 571 1203 615 gr.
1278 572 1372 599 cum
1426 555 1618 599 homines
1664 556 1717 599 ad
1764 555 1934 599 domum

141 635 439 680 exstruendam
481 637 837 695 aggrederentur,
884 639 1021 698 primo
1067 645 1226 682 tectum
1267 638 1592 682 meditabantur.
1666 637 1792 690 Quod
1832 654 1932 682 vero

139 718 220 761 hoc
242 732 318 776 per
350 733 394 761 se
427 725 538 763 stare
559 735 645 763 non
667 728 845 779 poterat,
877 722 1030 766 deinde
1051 722 1233 781 parietes
1255 722 1615 779 excogitaverunt.
1658 720 1772 773 Quia
1790 726 1932 765 autem

0 851 3 864 Ι
105 818 121 844 5
140 800 323 860 parietes
349 801 355 858 Ι
385 802 620 846 immobiles
660 804 784 854 fiunt,
825 821 920 848 cum
953 821 1078 863 supra
1109 804 1393 848 fundamentis
1432 811 1664 861 ponuntur,
1707 810 1931 862 propterea

0 865 3 938 Ι
138 883 411 927 fundamenta
441 892 588 942 postea
619 887 807 930 meditati
839 895 947 930 sunt.
1016 887 1073 929 Et
1103 888 1208 929 haec
1240 887 1446 930 absolutio
1479 887 1748 944 cogitationis
1779 894 1856 941 est,
1888 887 1930 930 id

0 955 3 961 ’
139 965 251 1023 quod
291 973 354 1008 est
391 967 555 1010 initium
596 969 784 1012 actionis.
856 970 962 1013 Inde
1009 971 1120 1012 enim
1165 969 1312 1027 incipit
1359 966 1488 1022 ac‘tio,
1539 970 1649 1013 unde
1695 970 1931 1014 absolvitur

139 1050 352 1108 cogitatio.
420 1050 477 1093 Et
517 1051 572 1094 ibi
622 1052 856 1096 absolvitur
894 1053 1027 1107 actio,
1067 1053 1138 1097 ubi
1178 1053 1326 1110 incipit
1361 1053 1575 1110 cogitatio.
1647 1052 1764 1096 Iuste
1798 1053 1930 1111 igitur

85 1147 118 1173 ιο
138 1132 334 1177 definitus
363 1141 426 1177 est
454 1150 607 1192 scopus
635 1183 637 1188 ,
666 1136 873 1179 absolutio
901 1135 1204 1194 praecogitata.
1255 1135 1580 1178 Absolutionem
1604 1136 1715 1178 enim
1737 1135 1928 1187 actionis,

134 1221 182 1259 ut
210 1215 369 1259 dictum
401 1226 477 1271 est,
511 1233 629 1261 mens
657 1218 964 1275 praemeditata
992 1226 1068 1262 est.
1121 1217 1326 1261 Similiter
1356 1218 1455 1260 licet
1483 1218 1627 1261 videre
1658 1218 1702 1260 in
1734 1218 1929 1262 omnibus

134 1298 281 1352 rebus,
325 1315 396 1342 eas
438 1301 695 1357 cogitatione
735 1301 963 1358 designari.
1026 1301 1255 1358 Postquam
1298 1300 1427 1358 igitur
1466 1300 1668 1351 diximus,
1703 1307 1808 1358 quot
1845 1301 1930 1346 sint

135 1381 273 1439 capita
306 1397 415 1440 quae
447 1391 544 1426 ante
577 1399 743 1427 omnem
775 1384 930 1427 librum
971 1391 1241 1441 quaerantur,
1284 1391 1324 1426 ct
1364 1397 1470 1440 quae
1513 1382 1615 1434 sint,
1657 1389 1699 1425 et
1736 1382 1837 1440 quid
1875 1384 1930 1427 sit

84 1481 116 1508 1⁵
134 1479 301 1523 scopm,
334 1480 508 1509 necesse
541 1473 623 1517 est,
653 1467 657 1523 Ι
687 1467 793 1510 scire
825 1482 900 1510 nos
934 1482 1007 1510 cur
1038 1466 1251 1524 singulum
1280 1465 1477 1523 quodque
1510 1445 1655 1508 eorum
1687 1471 1927 1523 quaeratur.

133 1545 296 1607 Scopus
343 1549 587 1607 quaeritur5
627 1549 739 1607 quod
787 1549 893 1593 ratio
940 1559 1083 1593 nostra
1130 1550 1405 1592 determinata
1454 1555 1517 1590 est
1563 1548 1615 1591 ad
1662 1547 1765 1591 illud
1813 1548 1927 1606 quod

132 1631 326 1674 volumus
358 1632 512 1675 facere.
577 1631 700 1684 Quod
735 1640 900 1691 oportet
931 1649 1026 1677 eum
1068 1634 1225 1691 ipsum,
1267 1633 1338 1690 qui
1371 1630 1529 1689 aliquid
1562 1632 1701 1674 facere
1733 1638 1924 1684 conatur,

130 1728 223 1756 esse
254 1730 434 1771 gnarum
468 1715 569 1772 quid
601 1716 741 1758 facere
774 1716 886 1758 velit.
952 1716 1070 1758 Dixit
1111 1717 1222 1758 enim
1262 1715 1403 1758 Plato:
1453 1713 1507 1768 ,O
1539 1730 1664 1772 puer,
1699 1729 1829 1756 unum
1863 1721 1927 1757 est

80 1815 114 1841 20
132 1796 386 1855 principium
409 1812 553 1840 eorum
577 1798 648 1855 qui
670 1798 926 1842 deliberant:
960 1805 1032 1841 aut
1054 1799 1161 1841 scire
1185 1798 1227 1840 id
1249 1799 1385 1856 ipsum
1410 1798 1528 1841 cuius
1558 1797 1696 1854 gratia
1715 1797 1719 1851 Ι
1740 1796 1925 1840 studium

133 1878 360 1923 adhibituri
393 1879 497 1935 sint3
531 1887 602 1923 aut
633 1882 686 1924 ab
719 1882 832 1924 omni
865 1897 910 1924 re
942 1884 1138 1925 aberrare
1172 1884 1373 1925 necesse‘.
1422 1881 1603 1938 Oportet
1634 1880 1746 1923 enim
1779 1896 1923 1924 neces-

132 1962 257 2017 sario,
291 1963 362 1988 ¹²⁷¹·
394 1963 549 2007 habere
581 1980 676 2008 eum
710 1980 885 2023 scopum
918 1966 1055 2023 operis
1088 1966 1177 2008 eius
1210 1965 1323 2022 quod
1356 1963 1449 2021 quis
1482 1963 1659 2021 incepit,
1691 1978 1744 2005 ne
1776 1963 1850 2006 fiat
1878 1971 1926 2007 ut

133 2046 204 2104 qui
250 2047 362 2090 viam
410 2048 626 2105 ingressus
672 2049 760 2090 θεῖ6
804 2049 992 2102 nescius,
1034 2064 1117 2105 quo
1167 2047 1269 2090 velit
1307 2046 1436 2089 abire.
1511 2046 1578 2088 Ac
1617 2053 1842 2104 propterea
1881 2047 1925 2090 in

133 2130 247 2173 omni
278 2130 361 2184 via,
402 2146 511 2188 quae
544 2131 580 2173 ei
616 2132 818 2181 occurrit.
856 2137 968 2173 errat
1006 2130 1048 2172 in
1088 2130 1235 2172 eundo.
1300 2128 1406 2171 Inde
1446 2128 1574 2186 igitur
1616 2127 1730 2186 quod
1766 2129 1924 2171 scimus

22 2255 29 2258 ,Α
80 2227 328 2271 25scopum‚
359 2212 578 2257 definitum
611 2213 731 2256 nobis
763 2213 809 2255 fit
842 2213 1063 2255 consilium
1096 2220 1137 2255 et
1165 2212 1169 2268 Ι
1198 2211 1375 2254 scientia
1406 2219 1532 2254 certa.
1597 2210 1779 2264 Quando
1812 2212 1923 2254 enim

133 2311 218 2339 non
249 2295 422 2340 definita
453 2303 530 2351 est,
563 2313 641 2340 nec
674 2303 788 2340 certa
819 2303 894 2339 est.
957 2294 1071 2338 Hinc
1103 2301 1256 2349 autem,
1297 2294 1336 2336 h.
1371 2309 1405 2338 e.
1437 2309 1488 2336 ex
1520 2310 1568 2337 eo
1602 2293 1715 2352 quod
1749 2309 1923 2352 scopum

132 2377 347 2430 novimus,
388 2379 530 2422 omnia
570 2394 639 2430 ea,
686 2395 795 2437 quae
835 2379 878 2421 in
918 2378 1035 2422 libris
1075 2378 1362 2436 reperiuntur,
1404 2376 1511 2419 iuste
1545 2375 1811 2431 exaudimus,
1843 2391 1922 2418 nec

132 2460 344 2518 spernitur
374 2461 570 2519 scriptor,
603 2462 703 2519 quia
734 2461 964 2504 secundum
987 2462 1246 2504 voluntatem
1269 2460 1358 2502 eius
1380 2460 1510 2502 verba
1539 2459 1628 2502 eius
1649 2458 1920 2516 percipimus).

17 2528 43 2596 ἸΙ
130 2542 480 2587 Demonstratum
520 2551 584 2587 est
622 2545 771 2602 igitur,
814 2544 921 2587 iuste
954 2544 1098 2602 quaeri
1132 2558 1306 2599 scopum
1339 2548 1435 2584 ante
1468 2557 1635 2584 omnem
1666 2540 1832 2583 librum.
1865 2566 1922 2572 --

16 2606 57 2667 ’ᾖ
60 2623 398 2673 mUtilitatem⁷
427 2628 609 2670 autem*
606 2654 608 2664 ι
606 2627 884 2685 quaerimus
913 2633 1087 2684 propter
1116 2626 1216 2668 hoc:
1253 2640 1316 2677 eo,
1348 2623 1461 2682 quod
1490 2629 1655 2681 oportet
1690 2638 1766 2666 nos
1798 2637 1921 2666 omne

24 2674 62 2734 >³
108 2705 222 2766 {id]‚
254 2709 366 2766 quod
401 2709 542 2752 facere
571 2710 780 2765 volumus,
814 2726 907 2752 cum
951 2710 1135 2753 sollertia
1173 2710 1327 2762 facere,
1368 2723 1417 2750 ac
1455 2722 1539 2749 non
1577 2722 1673 2749 cum
1710 2705 1918 2750 tarditate.

113 2788 316 2835 {immam
337 2798 477 2834 autem
501 2807 588 2835 rem
622 2799 710 2836 tum
743 2808 839 2836 cum
872 2792 1059 2835 sollertia
1089 2793 1282 2843 facimus,
1317 2806 1412 2832 cum
1443 2789 1668 2832 utilitatem
1701 2795 1916 2846 praestan-

16 2894 27 2917 s*
112 2877 216 2917 tem
255 2889 309 2917 ex
355 2889 405 2916 ea
443 2873 571 2932 [capi]
603 2874 816 2918 discimus.
884 2875 1000 2918 Iuste
1046 2875 1174 2932 igitur
1215 2874 1340 2916 etiam
1386 2872 1543 2915 utilitas
1590 2871 1818 2929 quaeritur.
1861 2895 1919 2902 —-

8 2943 54 3027 *L*
106 2981 119 2988 ··
133 2949 362 2999 Cuiusnam
410 2962 549 2999 autem
591 2957 665 3011 sit,
713 2957 976 3014 quaerimus,
1017 2957 1180 3015 prim0⁸
1220 2955 1412 3014 quidem,
1461 2954 1574 3012 quod
1615 2967 1918 3011 saepenumero

20 3040 47 3075 ἕ*
59 3046 66 3052 '
98 3057 112 3084 ι
132 3037 223 3083 Sine
253 3036 567 3082 examinatione
607 3039 860 3083 assentimur
898 3040 1029 3082 verbo
1070 3039 1125 3082 ob
1163 3037 1465 3096 praestantiam
1505 3043 1547 3079 et
1585 3034 1918 3093 magnitudinem

7 3103 8 3107 Ἰ
34 3104 84 3169 δῖ’
51 3115 338 3179 &personae
359 3120 464 3173 eius,
486 3134 595 3178 quae
617 3120 660 3164 id
680 3121 831 3178 dixit3'
827 3145 832 3178 Ι
853 3121 1112 3165 secundum⁹
1140 3136 1254 3174 vero,
1277 3135 1331 3162 ne
1351 3119 1453 3162 mali
1473 3116 1694 3177 [homines]
1718 3117 1919 3175 dogmata

124 3211 210 3247 sua
251 3202 469 3246 intrudant
505 3216 583 3260 per
622 3203 777 3247 famam
818 3219 1025 3262 personae
1071 3203 1226 3261 dignae
1272 3201 1340 3244 cui
1386 3201 1600 3255 credatur,
1647 3207 1774 3258 atquc
1819 3199 1916 3242 inde

56 3280 344 3347 §.Shnpiant
373 3283 566 3330 indoctos
595 3285 640 3328 iu
669 3299 845 3343 pravam
875 3301 996 3330 suam
1026 3285 1275 3329 doctrinam.
1315 3283 1663 3328 Demonstratum
1695 3289 1759 3326 est
1786 3281 1917 3340 igitur

173 3374 305 3445 esse
335 3379 449 3422 esse,
466 3366 586 3410 sciri
613 3366 770 3411 etiam
758 3368 898 3412 'cuius
919 3367 1004 3413 sit.-
1018 3392 1072 3400 -—
1102 3366 1221 3411 Ordo
1254 3366 1395 3410 autem
1431 3365 1660 3423 quaeritur,
1693 3377 1745 3407 ne
1772 3364 1779 3421 Ι
1799 3363 1916 3407 ultra

143 3470 186 3504 3,
265 3446 551 3509 ΜΘΝ
563 3449 840 3572 mm
835 3447 1052 3511 evomat.
1097 3448 1245 3494 Decet
1256 3447 1370 3492 euim
1389 3447 1510 3507 prius
1530 3445 1712 3492 discere
1727 3445 1772 3490 id
1802 3445 1916 3507 quod

112 3494 135 3514 ἦ.

112 3509 202 3554 5²·-
175 3530 228 3568 3,—
1583 3514 1665 3555 12*

134 3566 145 3573 ι’
162 3567 163 3570 ¹
186 3571 197 3587 :⁴
232 3535 287 3590 ΙΨ.
331 3583 342 3593 v
373 3582 380 3591 ·
399 3582 401 3594 1
441 3582 454 3587 ·
503 3570 513 3581 ’“
698 3582 707 3590 ’»
805 3583 818 3589 =
1034 3585 1038 3587 Α

1517 3648 1535 3677 ⁴a
1554 3640 1558 3642 ‘
1578 3639 1605 3658 ’Δ
1645 3635 1729 3678 δέ’..
1764 3650 1782 3666 ‘q
1810 3648 1829 3677 'v
1850 3661 1886 3670 ”“’·
1906 3643 1941 3678 οἰδ

1498 3684 1502 3692 Ι
1648 3683 1670 3687 ,.

1804 3615 1838 3650 '⁷
1867 3629 1901 3652 1
1941 3628 1978 3655 ..ι-δ’
1991 3598 2102 3661 ..ῃΐὶ
2128 3623 2143 3660 ,ν

2063 3665 2067 3676 r

1671 3686 1682 3691 ..
1864 3680 1873 3690 ··
1892 3683 1919 3692 .»
2002 3694 2005 3697 Ι
2039 3677 2044 3686 ⁸
2073 3677 2078 3687 ¹

1666 3700 1671 3710 ι
1691 3700 1753 3734 ,μίἰὶι
1780 3684 1948 3743 '-'¹:}::5‚.‘;·.'
1972 3699 1983 3714 ,ι
2016 3703 2019 3708 r
