2274 3762
1863 295 1918 338 97

39 409 264 459 ‘annalium
295 410 339 454 in
368 411 464 454 hoc.
509 410 750 466 ,Vocem‘4⁸
779 412 954 469 protulit
983 412 1051 456 hic
1082 427 1158 472 pro
1185 411 1192 471 Ι
1220 428 1388 471 genere.
1435 413 1574 459 Sonus
1614 421 1755 459 autem
1786 428 1920 472 genus

133 493 263 537 vocis.
325 492 465 537 Sonus
506 494 619 537 enim
659 502 722 538 est
760 495 868 539 ictus
907 495 950 538 in
990 511 1086 538 aere
1126 495 1335 540 sensibilis
1375 498 1570 555 proprius
1608 496 1796 552 auditfis3
1834 511 1921 539 vox

132 582 274 619 autem
305 591 432 619 sonus
471 576 644 620 animati
685 578 757 635 qui
795 579 864 634 fit,
904 594 1000 622 cum
1037 593 1114 636 per
1145 579 1501 637 compressionem
1539 580 1723 638 pectoris
1754 578 1922 622 eliditur

132 672 156 700 e
186 659 385 716 pulmone
415 673 490 702 aer
519 659 555 701 is
587 659 658 716 qui
689 660 876 712 intravit,
907 661 1007 705 dum
1028 661 1141 704 cadit
1161 661 1300 705 subito
1328 662 1372 707 in
1394 663 1593 707 arteriam
1615 678 1724 721 quae
1745 668 1922 704 vocatur

80 757 113 784 ιε
133 756 281 799 aspera
311 747 353 784 et
373 741 416 784 in
445 742 644 799 palatum.
686 743 743 786 Et
765 744 863 801 quia
884 759 985 788 vero
1007 758 1135 788 voees
1155 744 1310 802 partim
1322 745 1357 771 ⁴¹²⁹
1388 745 1559 803 quidem
1583 746 1588 802 Ι
1613 744 1921 804 significativae

133 823 286 882 partim
324 830 466 867 autem
504 841 589 868 non
630 826 957 884 significativae,
1005 827 1198 870 distinxit
1234 843 1388 870 nomen
1426 830 1479 873 ab
1517 829 1583 872 his
1622 828 1798 872 vocibus
1836 843 1921 870 non

133 906 469 965 significantibus
512 923 561 951 eo
602 909 715 967 quod
746 909 854 952 dixit
886 908 1110 967 σημαντική.
1163 909 1231 954 Ac
1267 927 1408 969 porro,
1441 914 1640 969 quoniam
1676 911 1756 954 hae
1793 926 1920 953 voces

133 990 439 1048 significativae
470 991 622 1049 partim
654 991 825 1050 quidem
857 991 1104 1036 naturaliter
1136 1000 1252 1048 sunt,
1297 1001 1343 1037 ut
1372 995 1548 1038 latratus
1581 994 1698 1038 canis
1728 992 1921 1037 indicans

133 1072 359 1116 adventum
397 1074 738 1131 peregrinorum,
779 1075 932 1132 partim
971 1081 1110 1118 autem
1143 1076 1375 1119 secundum
1416 1093 1689 1130 consensum,
1731 1076 1923 1120 distinxit

67 1138 115 1195 '20
132 1171 286 1200 nomen
327 1157 380 1200 ab
419 1156 484 1199 his
526 1157 787 1201 naturalibus
828 1173 904 1216 per
942 1158 1045 1201 illud
1085 1154 1185 1200 κατ-οὶ
1230 1156 1431 1215 συνθήκην.
1461 1160 1465 1217 Ι
1503 1159 1569 1203 Ac
1601 1159 1791 1218 porr0,⁵⁰
1823 1161 1921 1219 quia

132 1239 309 1283 verbum
341 1245 405 1282 est
426 1256 510 1283 vox
534 1240 818 1298 significativa
850 1242 1081 1285 secundum
1106 1257 1372 1298 consensum,
1398 1250 1443 1286 ut
1466 1243 1746 1303 distingueret
1767 1259 1921 1287 nomen

133 1338 158 1364 a
193 1322 346 1377 verbo,
387 1322 550 1367 addidit
588 1324 690 1367 illud
730 1314 811 1367 ἄνευ
842 1320 994 1378 χρόνου.
1064 1324 1254 1369 Verbum
1295 1325 1405 1368 enim
1447 1342 1542 1369 eum
1584 1326 1752 1370 actione
1793 1326 1920 1370 etiam

134 1412 312 1469 tempus,
346 1421 429 1463 quo
461 1407 574 1450 facta
605 1414 669 1449 est
699 1407 790 1465 ipsa
822 1407 955 1460 aetio,
997 1407 1222 1464 significat.
1285 1407 1351 1451 Ac
1383 1424 1521 1466 porro,
1537 1410 1569 1435 ⁵¹
1603 1410 1701 1468 quia
1734 1410 1920 1454 definitio

134 1503 216 1530 vox
238 1495 302 1532 est
333 1489 579 1547 significans
613 1491 842 1533 seeundum
877 1505 1143 1546 consensum,
1177 1491 1306 1534 habet
1336 1498 1475 1534 autem
1508 1500 1650 1550 partes
1682 1509 1790 1551 quae
1823 1494 1923 1537 dum

78 1582 111 1608 2⁵
132 1577 378 1629 separantur
417 1572 661 1631 significant
707 1572 887 1631 aliquid,
937 1579 1001 1615 ut:
1048 1573 1190 1616 Homo
1218 1572 1224 1631 Ι
1253 1574 1409 1617 animal
1449 1582 1513 1618 est
1552 1576 1770 1619 rationalis
1810 1591 1920 1619 mor-

132 1653 241 1708 talis,
264 1654 456 1698 distinxit
487 1671 642 1699 nomen
673 1672 698 1699 a
728 1656 972 1699 definitione
1005 1671 1054 1698 eo
1078 1657 1191 1714 quod
1223 1656 1383 1700 addidit
1405 1658 1584 1701 scilicet:
1615 1653 1655 1714 ἧς
1680 1657 1781 1717 [τῶν]
1805 1660 1923 1715 μερῶν

131 1736 244 1794 μηδὲν
274 1738 546 1795 κεχωρισμένον
585 1737 753 1795 σημαίνει
785 1757 820 1781 τι
854 1756 910 1781 sic.
971 1739 1116 1782 Addet
1129 1739 1162 1765 5²
1194 1745 1333 1783 autem
1367 1740 1407 1783 in
1440 1748 1642 1784 contextu
1683 1742 1780 1785 libri
1822 1742 1921 1785 dum

132 1821 304 1879 exponit
335 1821 623 1865 definitionem
655 1838 680 1865 a
711 1837 754 1864 se
787 1822 990 1879 positam:
1023 1822 1189 1880 „ipsum
1222 1837 1375 1865 nomen
1408 1830 1602 1881 oportere
1636 1823 1922 1867 definitionem

135 1903 345 1961 quandam
367 1903 607 1962 significare
633 1910 759 1962 atque
782 1904 908 1947 etiam
940 1920 1034 1947 cum
1067 1907 1159 1958 ,est‘
1192 1911 1234 1948 et
1264 1905 1370 1959 ‚fuit‘
1403 1913 1445 1948 et
1474 1907 1583 1962 ,erit‘
1618 1905 1920 1965 [coniunctum]

78 2012 112 2038 30
135 1985 142 2042 Ι
164 1986 385 2030 veritatem
418 1995 459 2030 et
488 1987 714 2031 falsitatem
746 1986 974 2031 indicare‘fi
1016 1987 1112 2030 Hoc
1126 1987 1159 2013 ⁵3
1190 1995 1330 2031 autem
1362 1989 1664 2044 ,definitionem
1696 1990 1921 2048 quandam‘

136 2064 306 2128 [ὁρισμόν
338 2069 431 2128 τινα]
474 2070 656 2124 addidit,
703 2077 750 2114 ut
801 2071 1081 2129 distingueret
1132 2071 1173 2114 id
1208 2072 1282 2097 ¹2¹²V
1344 2088 1368 2114 a
1408 2073 1577 2116 nomine
1623 2073 1777 2116 dicenti
1822 2089 1922 2128 ,non

133 2153 274 2196 homo‘
306 2170 405 2209 ‚non
437 2156 596 2212 equus‘.
660 2153 773 2208 ‚Non
806 2155 947 2198 homo‘
979 2154 1091 2198 enim
1123 2171 1208 2198 non
1241 2155 1402 2213 aliquid
1441 2155 1658 2200 definitum
1695 2156 1918 2214 significat.

134 2235 344 2280 Omnibus
386 2237 497 2281 enim
536 2253 645 2295 quae
684 2244 852 2296 praeter
890 2237 1103 2281 hominem
1136 2244 1231 2281 sunt
1270 2237 1486 2281 indefinite
1528 2238 1744 2282 subicitur.
1813 2239 1921 2282 Item

39 2339 111 2372 πμ
134 2319 261 2363 etiam
283 2336 383 2375 ,non
406 2323 552 2379 equus‘
571 2322 576 2376 Ι
594 2327 637 2363 et
659 2322 758 2364 talia
782 2321 933 2364 omnia.
974 2321 1087 2364 Illud
1108 2327 1249 2364 autem
1282 2337 1407 2375 „cum
1429 2323 1522 2375 ,est‘
1545 2328 1586 2363 et
1611 2322 1717 2375 ,fuit‘
1751 2328 1792 2364 et
1815 2322 1920 2375 ,erit‘

135 2400 439 2461 [coniunctum]
476 2404 698 2448 veritatem
727 2412 770 2450 et
799 2406 1026 2449 falsitatem
1065 2406 1296 2459 indicare“,
1319 2404 1491 2457 addidit,
1523 2411 1569 2447 ut
1597 2404 1876 2461 distingueret
1888 2403 1921 2429 ⁵⁴

133 2485 176 2528 id
195 2502 221 2530 a
240 2486 432 2544 ptosibus
453 2488 479 2530 i.
503 2504 538 2531 e.
564 2489 730 2533 casibus
752 2489 855 2533 eius.
898 2487 1067 2532 Nomen
1090 2495 1165 2537 est,
1188 2504 1237 2531 ac
1260 2487 1295 2529 si
1317 2487 1475 2529 dicam:
1507 2485 1737 2541 ,Socrates‘
1750 2504 1759 2539 ς
1782 2493 1923 2544 ptoses

100 2575 276 2614 sautem
315 2569 404 2613 eius
437 2578 547 2626 sunt,
580 2578 645 2615 ut:
686 2570 903 2626 ,Socratis‘
942 2570 1151 2625 ,Socrati‘.
1190 2569 1194 2627 Ι
1232 2569 1391 2622 Quodsi
1427 2569 1538 2612 enim
1570 2569 1687 2612 dico:
1726 2568 1924 2612 Socrates

135 2659 200 2695 est
243 2659 316 2695 aut
361 2652 441 2696 fuit
486 2661 559 2697 aut
604 2654 708 2707 erit,
752 2661 825 2697 aut
863 2669 1010 2698 verum
1052 2653 1145 2696 dico
1185 2659 1257 2696 aut
1296 2653 1459 2696 falsum.
1521 2651 1596 2695 Sin
1636 2660 1776 2696 autem
1807 2653 1924 2696 dico:

137 2733 325 2780 Socratis
380 2742 444 2778 est
494 2743 567 2780 aut
619 2737 698 2780 fuit
750 2744 824 2780 aut
861 2736 961 2791 erit,
1016 2736 1204 2780 nondum
1259 2742 1404 2778 notum
1451 2742 1534 2788 est,
1589 2750 1727 2792 neque
1784 2742 1923 2779 utrum

139 2832 286 2863 verum
323 2834 462 2876 neque
502 2835 557 2862 an
595 2820 749 2863 falsum
791 2818 993 2872 dixerim,
1036 2818 1108 2876 qui
1148 2834 1231 2861 non
1273 2817 1506 2860 addiderim
1527 2817 1620 2867 „vel
1661 2817 1818 2872 ‚vestis‘
1858 2818 1926 2860 vel

85 2915 120 2942 ιο
138 2899 314 2955 ‚domus‘
355 2901 426 2944 vel
465 2901 600 2956 ‚liber‘
643 2902 711 2945 vel
750 2902 834 2945 tale
872 2900 1045 2959 aliquid.
1118 2900 1299 2958 Oportet
1331 2900 1338 2956 Ι
1375 2899 1523 2956 igitur,
1564 2915 1641 2942 nos
1681 2906 1811 2942 totam
1853 2899 1922 2942 de-

128 2981 372 3028 finitionem
418 2983 601 3027 nominis
650 2988 734 3028 una
779 2999 951 3042 ponere.
1012 2983 1215 3026 Definitio
1259 2982 1387 3039 igitur
1433 2981 1613 3024 nominis
1663 2982 1768 3023 haec
1817 2988 1925 3024 tota:

138 3067 372 3111 Aristoteles
398 3068 479 3109 ait.-
500 3054 652 3123 Ὀνομα
672 3066 736 3124 μὲν
767 3057 827 3109 οὖν
859 3063 940 3108 ἐστὶ
972 3061 1076 3122 φωνὴ
1098 3060 1307 3121 σημαντικὴ
1339 3060 1437 3106 κατεῖ
1459 3061 1648 3119 συνθήκην
1670 3054 1752 3105 ἄνευ
1771 3060 1923 3118 χρόνου,

140 3140 182 3205 ἧς
211 3149 320 3207 μέρος
350 3148 464 3207 μηδέν
495 3149 576 3192 ἐστι
607 3145 834 3206 σημαντικὸν
863 3146 1152 3205 κεχωρισμένον,
1186 3142 1342 3201 ὄρίστως
1372 3165 1407 3188 τι
1438 3144 1697 3202 σημαίνουσα,
1731 3141 1827 3202 'terni
1858 3145 1927 3186 τοῦ

35 3230 38 3234 ’
88 3243 122 3272 15
142 3227 242 3276 ἔστιν
262 3225 286 3288 ἦ
307 3222 348 3288 ἦν
368 3225 394 3287 ἢ
419 3230 426 3287 Ι
454 3227 561 3273 ἔσται
592 3224 616 3287 ἢ
647 3226 792 3287 ἀληθὲς
812 3224 838 3287 ἢ
858 3230 995 3285 ψεῦδος
1016 3229 1203 3284 δηλοῦσα.
1246 3231 1396 3271 Probus
1427 3230 1535 3271 dicit.
1549 3227 1583 3253 ⁵⁵
1603 3227 1766 3271 Dicunt
1785 3233 1926 3270 autem

27 3348 42 3385 ,ἦ
77 3329 89 3350 ³
132 3313 328 3372 quidam,
359 3313 532 3357 nomina
559 3312 694 3357 multa
721 3312 833 3357 hanc
863 3312 1152 3356 definitionem
1182 3309 1528 3369 praetermittere.
1587 3310 1668 3353 Illo
1700 3309 1811 3352 enim
1845 3298 1926 3351 ἄνευ

128 3390 571 3451 wimhesternum.
584 3399 641 3439 etr
655 3394 837 3439 nudium
861 3394 1033 3439 tertium
1064 3399 1108 3438 et
1136 3407 1295 3437 annum
1332 3392 1590 3450 superiorem
1621 3398 1664 3434 et
1697 3406 1854 3435 annum
1885 3397 1929 3434 et

0 3501 3 3535 i
133 3463 354 3535 mensem:
372 3483 442 3523 et.-
460 3477 607 3525 §mnia
650 3476 917 3537 nuntiemini}
936 3489 1076 3535 ..quae
1121 3473 1362 3532 significant
1404 3480 1569 3532 tempus
1617 3472 1742 3516 simili
1786 3470 1927 3526 modo,

77 3537 84 3550 ’“
152 3555 157 3561 ·
1619 3541 1665 3576 13
