2274 3762
0 229 63 305 ε
1508 330 1519 341 ὁ
1585 273 1604 292 .
1867 267 1925 311 9,

132 377 353 423 Debuerat
380 377 494 423 enim
523 378 687 423 dicere:
733 378 944 437 Equidem
976 393 1131 423 nomen
1162 395 1247 423 non
1278 381 1379 424 novi
1410 379 1473 436 id,
1513 381 1628 440 quod
1657 383 1762 427 nihil
1794 385 1924 443 sigui—

37 477 123 511 ¹1³,ss
133 459 251 513 ficet,
291 459 366 504 sed
404 459 572 519 quando
611 460 666 505 sit
704 461 963 519 significans.
1005 461 1012 520 1
1053 461 1174 520 Ergo
1214 462 1334 506 deest
1363 463 1544 507 orationi
1577 464 1668 508 eius
1698 472 1788 510 tota
1817 467 1923 512 haec

130 541 285 586 oratio:
322 541 551 600 ,Equidem
579 558 735 588 nomen
766 559 852 588 non
883 544 983 588 novi
1019 544 1084 599 id,
1125 545 1240 602 quod
1277 561 1364 589 non
1402 546 1616 604 significet
1646 547 1834 606 aliquid‘.
1866 575 1926 584 —-

128 626 279 668 Arich-
311 621 390 667 ἐπεὶ
422 624 580 679 δηλοῦσι
614 623 673 683 [γε’
689 624 743 684 τι]
774 624 838 669 καὶ
869 627 903 669 οἱ
934 622 1178 683 ἀγράμματοι
1211 624 1347 680 ψόφοι.
1372 653 1428 659 —-
1450 630 1613 672 Probus.
1647 629 1774 674 Nunc
1796 631 1922 676 rediit
1939 645 1999 672 16·
2017 645 2052 670 28

126 723 271 754 rursus
301 708 624 766 interpretatum
663 708 706 751 id
745 710 858 767 quod
889 709 1174 768 praetermisit
1204 710 1247 752 in
1278 710 1371 753 illo:
1411 707 1512 754 κατοί
1545 710 1749 768 συνθήκην.
1800 713 1922 757 Post·

128 806 255 850 quam
287 790 399 834 enim
431 790 558 844 dixit,
590 792 840 836 naturaliter
869 807 923 835 ne
955 809 1084 837 unum
1118 793 1289 850 quidem
1321 794 1538 837 nominum
1572 810 1689 850 esse,
1730 796 1821 839 vult
1851 796 1922 840 de·

71 892 107 918 ao
126 879 374 926 monstrare,
406 873 476 916 vel
498 889 590 917 esse
611 890 739 918 voces
768 875 773 933 Ι
802 875 1121 932 significativas,
1156 891 1266 932 quae
1287 875 1535 920 naturaliter
1564 877 1661 932 sint,
1693 894 1779 932 cas,
1812 895 1921 936 quae

124 956 296 1000 nomina
334 972 418 999 non
450 956 554 1012 sint3
594 963 721 1015 atque
760 958 881 1001 dicit:
932 955 1043 1001 Sunt
1079 973 1207 1001 voces
1247 959 1559 1015 significantes,
1601 975 1709 1017 quae
1748 963 1920 1006 nomina

124 1048 210 1082 non
239 1045 349 1093 sunt,
382 1045 429 1082 ut
459 1054 588 1082 sonus
619 1040 816 1084 illiterati.
879 1043 929 1083 Α.
962 1038 1036 1083 οἷον
1069 1041 1224 1096 θηρίων,
1258 1036 1352 1083 ὧνΜ
1374 1038 1476 1084 οὐδὲν
1507 1033 1634 1099 ὄνομα.
1666 1068 1724 1075 —
1756 1047 1918 1089 Robus.
1938 1061 1995 1087 16⁸
2014 1061 2047 1087 ²9

123 1121 190 1166 Ac
220 1121 256 1165 si
287 1121 381 1179 quis
411 1121 544 1166 dicat:
577 1122 638 1166 Ut
667 1138 794 1167 sonus
826 1124 1084 1178 animalium,
1118 1139 1298 1182 quorum
1330 1139 1507 1168 sonuum
1533 1141 1587 1169 ne
1609 1141 1717 1170 unus
1746 1127 1917 1185 quidem

30 1223 103 1256 u,1
122 1219 278 1248 nomen
309 1211 385 1248 est.
423 1208 476 1249 Α.
507 1195 590 1247 οὔτε
620 1202 693 1260 γάρ
723 1207 729 1262 Ι
755 1202 864 1261 λόγος
896 1197 978 1248 οὔτε
1011 1203 1208 1259 ἀπόφασίς
1242 1207 1352 1249 ἐστιν.
1394 1209 1547 1251 Probus
1567 1211 1667 1251 dicit
1684 1210 1756 1235 ¹3¹V
1777 1207 1915 1266 ‚ho'yog‘
1935 1226 1993 1252 1⁶2
2010 1227 2042 1252 ει

122 1287 262 1345 posuit
291 1288 391 1345 quia
430 1290 566 1331 omnis
606 1289 767 1342 ,oratio‘
802 1290 1036 1347 composita
1074 1299 1139 1333 est
1169 1305 1192 1332 e
1226 1290 1417 1332 vocibus.
1478 1290 1529 1333 In
1563 1287 1627 1333 οὐκ
1661 1282 1861 1346 ἅνθρωπος
1880 1294 1914 1320 ⁶⁵

122 1376 260 1414 autem
301 1377 366 1414 est
413 1371 661 1429 compositio
702 1368 797 1426 ,οὐκί
838 1388 932 1416 cum
974 1365 1226 1428 ,o't'ffipwmg‘3
1267 1379 1490 1430 propterea
1530 1373 1657 1428 dixit,
1698 1390 1783 1419 non
1821 1391 1913 1420 θεεθ

122 1453 399 1508 ,orationem‘.
473 1452 584 1507 Quia
631 1455 673 1497 in
720 1455 833 1498 omni
879 1456 1106 1514 negatione
1149 1463 1211 1500 est
1265 1458 1393 1511 ,non‘,
1437 1456 1517 1499 hoc
1564 1463 1609 1500 ut
1655 1458 1910 1513 excluderet,

85 1556 102 1583 5
123 1537 250 1588 dixit,
280 1553 366 1580 non
398 1552 490 1580 esse
522 1537 566 1581 id
598 1538 911 1595 ‚negationem‘.
975 1537 1082 1583 Cum
1123 1539 1402 1582 affirmatione
1432 1539 1436 1595 Ι
1464 1546 1605 1582 autem
1637 1555 1724 1582 non
1753 1547 1843 1583 crat
1873 1541 1913 1583 ci

121 1621 363 1665 similitudo.
432 1623 481 1663 A.
527 1618 636 1674 λόγος
675 1620 718 1662 δέ
754 1622 853 1663 ἐστιν
892 1618 1011 1664 αὐτοῦ
1050 1619 1097 1664 τοὶ
1138 1623 1200 1678 μὲν
1239 1612 1339 1665 ἄλλα
1384 1617 1484 1663 nard
1524 1619 1571 1663 ni
1614 1618 1725 1664 αὗτᾶ.
1794 1626 2019 1667 Prob.16t›1

119 1705 255 1758 Dixit,
287 1705 332 1747 in
364 1704 516 1748 ceteris
549 1704 631 1747 illis
653 1704 824 1762 quidem
847 1705 994 1748 eadem
1019 1706 1185 1748 casibus
1209 1711 1449 1762 competere
1470 1705 1504 1730 ‘⁵⁶
1536 1705 1620 1757 illa,
1655 1721 1763 1762 quae
1784 1706 1911 1749 etiam

119 1787 280 1831 nomini
313 1793 570 1844 competunt.
633 1789 783 1830 Aristo.
832 1781 888 1829 ὅτι
921 1786 960 1829 δὲ
992 1784 1087 1843 μετᾶ
1124 1787 1188 1829 τεῦ
1219 1785 1318 1829 ἔστιν
1357 1780 1381 1842 ἢ
1422 1778 1463 1842 ἦν
1503 1781 1526 1840 ἢ
1565 1785 1671 1830 ἔσται
1711 1784 1776 1830 οὐκ
1817 1784 1910 1844 οἷλη-
1932 1805 2021 1831 1⁶b2

27 1864 31 1869 ’
69 1885 102 1911 ιο
120 1866 220 1914 θεύει
253 1862 335 1912 οὔτε
369 1866 563 1922 ψεύδεται.
620 1872 665 1912 Ρ.
697 1869 839 1912 Dixit:
873 1871 1042 1914 67Ηειθθ
1070 1871 1075 1929 Ι
1103 1870 1342 1914 differentia
1375 1876 1439 1912 est
1468 1869 1578 1927 ptosi
1611 1886 1636 1913 a
1665 1871 1836 1914 nomine
1867 1871 1910 1915 in

119 1967 184 2007 ee,
217 1952 332 2011 quod
362 1968 518 1996 nomen
550 1953 720 2010 quidem
752 1969 848 1996 cum
886 1953 941 2009 τῷ
981 1962 1045 1996 est
1081 1960 1153 1997 aut
1190 1953 1270 1996 fuit
1310 1959 1382 1995 aut
1423 1951 1503 1994 erit
1541 1959 1613 1995 aut
1652 1968 1799 1996 verum
1837 1962 1911 1998 aut

118 2037 272 2080 falsum
302 2036 419 2091 dicit,
451 2036 584 2093 ptosis
611 2042 752 2079 autem
774 2052 868 2079 cum
891 2036 956 2079 his
977 2051 1063 2079 non
1086 2035 1188 2078 dicit
1209 2051 1356 2078 verum
1384 2051 1463 2078 nec
1491 2035 1658 2078 falsum.
1719 2038 1770 2079 A.
1803 2033 1846 2078 τὸ
1868 2036 1907 2079 δὲ
1932 2053 2018 2078 msa

66 2134 100 2161 15
120 2110 233 2176 ὄνομα
266 2115 335 2162 ἀεί.
396 2120 440 2162 Ρ.
473 2118 608 2174 Dixit,
641 2119 721 2161 hoc
754 2134 848 2161 cum
881 2127 946 2161 est
976 2125 1048 2162 aut
1067 2119 1146 2161 fuit
1167 2126 1240 2162 aut
1260 2119 1339 2161 erit
1359 2125 1432 2161 aut
1453 2133 1598 2162 verum
1622 2124 1695 2161 aut
1722 2118 1728 2176 Ι
1754 2119 1908 2163 falsum

120 2202 270 2246 dicere.
331 2205 382 2245 A.
415 2198 488 2243 οἷόν
522 2198 678 2254 φῦιωνός
710 2202 807 2243 ἐστιν
840 2195 862 2257 ἢ
894 2190 959 2242 οὔκ
992 2202 1104 2243 ἐστιν.
1134 2200 1234 2243 ουὸὲν
1266 2196 1337 2254 γάρ
1370 2199 1462 2258 [πω]
1497 2191 1580 2242 οὔτε
1613 2196 1793 2255 ἀληθεύει
1826 2193 1908 2244 οὔτε
1931 2215 2020 2240 16b4

118 2281 311 2337 ψεύδεται.
371 2286 523 2328 Probus
543 2286 652 2328 dicit.
683 2283 781 2327 Hoc
803 2283 881 2327 ait:
904 2282 938 2309 ⁶8
951 2281 999 2327 Si
1022 2283 1130 2338 dico,
1153 2283 1346 2326 Philonis
1367 2289 1444 2336 est,
1467 2298 1552 2325 non
1574 2298 1722 2326 verum
1743 2283 1907 2328 affirmo

117 2382 196 2410 nec
226 2367 393 2420 falsum,
425 2365 507 2410 nisi
539 2365 696 2424 aliquid
728 2366 851 2419 addo,
884 2366 973 2410 sive
1005 2367 1164 2421 ,vestis‘
1197 2366 1286 2409 sive
1318 2366 1453 2420 ‚liber‘
1486 2365 1575 2409 sive
1606 2366 1786 2421 ,domus‘
1819 2367 1907 2411 sive

66 2464 100 2491 ιο
119 2449 232 2493 aliud
263 2449 378 2507 quid.
438 2449 607 2493 Nomen
638 2456 786 2492 contra
818 2465 902 2492 non
933 2449 1088 2507 exigit,
1129 2456 1175 2491 ut
1200 2448 1206 2506 Ι
1234 2449 1317 2491 tale
1349 2448 1449 2506 quid
1481 2447 1560 2491 sibi
1596 2447 1793 2504 addatur,
1834 2449 1906 2492 sed

116 2533 244 2577 ‘simul
274 2549 371 2576 cum
401 2532 457 2588 τῷ
487 2539 552 2576 est
581 2539 654 2575 aut
683 2532 763 2576 fuit
793 2539 866 2576 aut
897 2532 976 2575 erit
1006 2531 1166 2574 indicat
1196 2547 1342 2574 verum
1375 2535 1448 2573 aut
1482 2531 1647 2573 falsum.

659 2617 725 2658 De
752 2616 870 2658 verbo
900 2617 1132 2658 Aristoteles
1164 2616 1262 2657 dicit
1286 2616 1364 2656 ita.-

202 2695 330 2756 Ῥῆμα
362 2698 405 2741 δέ
433 2699 514 2740 ἐστι
547 2694 590 2739 τό
622 2700 905 2754 προσσημαῖνον
935 2693 1070 2751 χρόνον
1102 2689 1147 2738 οὗ
1176 2695 1283 2751 μέρος
1322 2690 1425 2737 οὐδὲν
1466 2693 1635 2750 σημαίνει
1676 2693 1805 2747 χωρίς.
1844 2691 1908 2736 καὶ
1927 2705 2018 2731 ¹612ss

70 2778 218 2828 ιιῖἀτιν
246 2778 303 2825 oizi
332 2784 484 2837 σημεῖον
514 2780 584 2823 τῶν
611 2780 619 2838 Ι
644 2775 734 2824 καθ’
759 2779 890 2834 ἑτέρων
911 2778 1124 2835 λεγομένων.
1185 2780 1228 2822 Ρ.
1260 2777 1492 2834 Postquam
1506 2776 1540 2802 ⁶⁹
1570 2776 1773 2826 definivit,
1807 2776 1907 2833 quid

119 2871 233 2911 emt
259 2879 437 2915 nomen,
474 2871 522 2907 ut
551 2879 658 2922 opus
689 2869 800 2916 erat,
833 2878 946 2906 nunc
977 2861 1157 2905 accessit
1186 2860 1240 2904 ad
1272 2859 1577 2914 definiendum,
1613 2859 1684 2885 ¹³²¹
1714 2858 1815 2916 quid
1853 2858 1908 2901 sit

29 2947 32 2950 ’
72 2970 80 2973 ·
118 2948 309 2992 verbum.
345 2945 434 2990 Sed
464 2962 559 2990 cum
592 2946 719 2989 etiam
746 2946 924 2988 verbum
954 2959 1036 2986 vox
1067 2942 1351 3001 significativa
1390 2941 1444 2984 sit
1478 2940 1588 2984 sicut
1616 2955 1784 2993 nomen,
1817 2955 1905 2990 cur,

119 3027 334 3088 inquiunt,
378 3028 422 3071 id
459 3043 546 3072 non
582 3043 658 3086 per
697 3027 839 3072 omnia
879 3042 949 3082 ea,
991 3042 1100 3084 quae
1140 3023 1379 3068 communia
1420 3023 1550 3066 habet
1586 3037 1682 3066 cum
1720 3021 1903 3074 nomine,

12 3086 42 3158 i}
67 3128 105 3157 ιο
119 3110 340 3157 definivit?
383 3111 443 3154 Et
471 3110 796 3168 respondemus:
828 3110 892 3155 Ut
922 3125 1070 3153 amans
1098 3106 1331 3151 brevitatis,
1346 3105 1380 3131 ⁷⁰
1407 3103 1413 3163 Ι
1439 3105 1498 3148 Et
1527 3104 1689 3148 dicunt:
1721 3103 1768 3147 Si
1799 3110 1902 3147 tam-

119 3209 251 3252 quam
278 3208 427 3237 amaus
457 3192 678 3237 brevitatis
706 3192 790 3236 hoc
819 3192 935 3244 fecit,
967 3206 1043 3235 cur
1074 3189 1195 3243 dixit,
1228 3180 1275 3230 οὗ
1301 3187 1409 3244 μέρος
1438 3183 1555 3241 χωρὶς
1586 3182 1689 3230 οὐδὲν
1719 3184 1902 3242 σημαίνει,

116 3274 230 3336 ‚sieut
258 3274 367 3318 dixit
395 3274 449 3318 de
478 3273 683 3318 nomine?
743 3271 832 3318 Cur
871 3273 1001 3332 igitur
1042 3271 1249 3332 quaedam
1287 3269 1457 3339 quidem
1495 3268 1656 3319 omisit,
1695 3266 1903 3325 quaedam

47 3376 61 3398 ³·
103 3364 263 3410 ,ξω
293 3355 431 3411 dixit?
490 3356 558 3400 Ac
586 3354 956 3414 respondemus-⁷¹
993 3354 1093 3401 Hoc
1122 3353 1263 3412 posuit
1301 3351 1400 3411 quia
1438 3350 1698 3395 existimatur
1725 3348 1902 3393 verbum

43 3431 362 3508 mem
380 3439 405 3497 l:
418 3437 645 3494 veritatem
668 3443 754 3510 ..⁸¹²²-
788 3436 1017 3511 (finitatem
1054 3435 1165 3486 sicut
1186 3434 1341 3494 oratio.
1401 3433 1553 3492 ltaque
1572 3438 1639 3537 132
1658 3430 1905 3476 excluderet
