<?xml version="1.0" encoding="UTF-8"?>
<!DOCTYPE html PUBLIC "-//W3C//DTD XHTML 1.0 Transitional//EN"
    "http://www.w3.org/TR/xhtml1/DTD/xhtml1-transitional.dtd">
<html xmlns="http://www.w3.org/1999/xhtml" xml:lang="en" lang="en">
 <head>
  <title>
</title>
<meta http-equiv="Content-Type" content="text/html;charset=utf-8" />
  <meta name='ocr-system' content='tesseract 3.04.00' />
  <meta name='ocr-capabilities' content='ocr_page ocr_carea ocr_par ocr_line ocrx_word'/>
</head>
<body>
  <div class='ocr_page' id='page_1' title='image "./dehermeneuticis00hoffuoft_0119.png"; bbox 0 0 2274 3762; ppageno 0'>
   <div class='ocr_carea' id='block_1_1' title="bbox 1821 289 1904 334">
    <p class='ocr_par' dir='ltr' id='par_1_1' title="bbox 1821 289 1904 334">
     <span class='ocr_line' id='line_1_1' title="bbox 1821 289 1904 334; baseline -0.012 0"><span class='ocrx_word' id='word_1_1' title='bbox 1821 289 1904 334; x_wconf 91' lang='lat'><strong>103</strong></span> 
     </span>
    </p>
   </div>
   <div class='ocr_carea' id='block_1_2' title="bbox 23 397 1908 881">
    <p class='ocr_par' dir='ltr' id='par_1_2' title="bbox 23 397 1908 881">
     <span class='ocr_line' id='line_1_2' title="bbox 115 397 1906 469; baseline 0.001 -17"><span class='ocrx_word' id='word_1_2' title='bbox 115 409 170 452; x_wconf 85' lang='lat' dir='ltr'><strong>ab</strong></span> <span class='ocrx_word' id='word_1_3' title='bbox 200 409 287 464; x_wconf 83' lang='lat' dir='ltr'><strong>,on‘</strong></span> <span class='ocrx_word' id='word_1_4' title='bbox 319 408 499 463; x_wconf 83' lang='lat' dir='ltr'>ducitur,</span> <span class='ocrx_word' id='word_1_5' title='bbox 531 415 579 453; x_wconf 89' lang='lat' dir='ltr'><strong>ut</strong></span> <span class='ocrx_word' id='word_1_6' title='bbox 608 415 795 468; x_wconf 76' lang='lat' dir='ltr'><strong>praestat</strong></span> <span class='ocrx_word' id='word_1_7' title='bbox 826 420 959 461; x_wconf 49' lang='lat' dir='ltr'><strong>aab„</strong></span> <span class='ocrx_word' id='word_1_8' title='bbox 989 407 1132 469; x_wconf 79' lang='lat' dir='ltr'><strong>(vixit)</strong></span> <span class='ocrx_word' id='word_1_9' title='bbox 1164 397 1220 465; x_wconf 48' lang='grc' dir='ltr'><strong>ἑῷ</strong></span> <span class='ocrx_word' id='word_1_10' title='bbox 1250 435 1321 460; x_wconf 66' lang='lat'><strong>4„</strong></span> <span class='ocrx_word' id='word_1_11' title='bbox 1354 408 1530 469; x_wconf 80' lang='lat' dir='ltr'><strong>(vivus).</strong></span> <span class='ocrx_word' id='word_1_12' title='bbox 1571 409 1767 453; x_wconf 71' lang='lat' dir='ltr'><strong>Praestat</strong></span> <span class='ocrx_word' id='word_1_13' title='bbox 1794 409 1906 453; x_wconf 86' lang='lat' dir='ltr'><strong>enim</strong></span> 
     </span>
     <span class='ocr_line' id='line_1_3' title="bbox 114 490 1907 551; baseline -0.001 -16"><span class='ocrx_word' id='word_1_14' title='bbox 114 491 465 549; x_wconf 84' lang='lat' dir='ltr'><strong>unumquodque,</strong></span> <span class='ocrx_word' id='word_1_15' title='bbox 515 507 541 535; x_wconf 91' lang='lat' dir='ltr'><strong>a</strong></span> <span class='ocrx_word' id='word_1_16' title='bbox 587 507 670 550; x_wconf 92' lang='lat' dir='ltr'><strong>quo</strong></span> <span class='ocrx_word' id='word_1_17' title='bbox 718 493 876 551; x_wconf 82' lang='lat' dir='ltr'><strong>aliquid</strong></span> <span class='ocrx_word' id='word_1_18' title='bbox 924 492 1112 543; x_wconf 82' lang='lat' dir='ltr'><strong>ducitur,</strong></span> <span class='ocrx_word' id='word_1_19' title='bbox 1159 491 1198 535; x_wconf 86' lang='lat' dir='ltr'><strong>ei</strong></span> <span class='ocrx_word' id='word_1_20' title='bbox 1237 491 1351 550; x_wconf 88' lang='lat' dir='ltr'><strong>quod</strong></span> <span class='ocrx_word' id='word_1_21' title='bbox 1395 493 1450 536; x_wconf 88' lang='lat' dir='ltr'><strong>ab</strong></span> <span class='ocrx_word' id='word_1_22' title='bbox 1497 506 1547 536; x_wconf 90' lang='lat' dir='ltr'><strong>eo</strong></span> <span class='ocrx_word' id='word_1_23' title='bbox 1587 491 1768 535; x_wconf 80' lang='lat' dir='ltr'><strong>ducitur.</strong></span> <span class='ocrx_word' id='word_1_24' title='bbox 1837 490 1907 534; x_wconf 85' lang='lat' dir='ltr'><strong>Ita</strong></span> 
     </span>
     <span class='ocr_line' id='line_1_4' title="bbox 23 572 1907 633; baseline 0.002 -20"><span class='ocrx_word' id='word_1_25' title='bbox 23 588 64 614; x_wconf 68' lang='grc' dir='ltr'><strong>τε.</strong></span> <span class='ocrx_word' id='word_1_26' title='bbox 73 588 107 614; x_wconf 80' lang='lat'><strong>2⁵</strong></span> <span class='ocrx_word' id='word_1_27' title='bbox 118 574 248 632; x_wconf 88' lang='lat' dir='ltr'><strong>igitur</strong></span> <span class='ocrx_word' id='word_1_28' title='bbox 276 580 465 631; x_wconf 84' lang='lat' dir='ltr'><strong>praestat</strong></span> <span class='ocrx_word' id='word_1_29' title='bbox 494 574 554 617; x_wconf 84' lang='lat' dir='ltr'><strong>illi</strong></span> <span class='ocrx_word' id='word_1_30' title='bbox 583 576 714 619; x_wconf 86' lang='lat' dir='ltr'><strong>verbo</strong></span> <span class='ocrx_word' id='word_1_31' title='bbox 746 575 959 633; x_wconf 87' lang='lat' dir='ltr'><strong>primitivo</strong></span> <span class='ocrx_word' id='word_1_32' title='bbox 989 575 1044 625; x_wconf 89' lang='lat' dir='ltr'><strong>id,</strong></span> <span class='ocrx_word' id='word_1_33' title='bbox 1076 574 1188 632; x_wconf 90' lang='lat' dir='ltr'><strong>quod</strong></span> <span class='ocrx_word' id='word_1_34' title='bbox 1219 591 1332 618; x_wconf 87' lang='lat' dir='ltr'><strong>nunc</strong></span> <span class='ocrx_word' id='word_1_35' title='bbox 1354 574 1460 618; x_wconf 84' lang='lat' dir='ltr'><strong>dixit</strong></span> <span class='ocrx_word' id='word_1_36' title='bbox 1480 576 1600 629; x_wconf 86' lang='lat' dir='ltr'><strong>‚ens‘.</strong></span> <span class='ocrx_word' id='word_1_37' title='bbox 1645 572 1907 632; x_wconf 64' lang='lat' dir='ltr'><strong>Expedivitl</strong></span> 
     </span>
     <span class='ocr_line' id='line_1_5' title="bbox 116 656 1907 715; baseline 0 -14"><span class='ocrx_word' id='word_1_38' title='bbox 116 663 269 707; x_wconf 85' lang='lat' dir='ltr'><strong>autem,</strong></span> <span class='ocrx_word' id='word_1_39' title='bbox 301 656 380 699; x_wconf 88' lang='lat' dir='ltr'><strong>hoc</strong></span> <span class='ocrx_word' id='word_1_40' title='bbox 411 657 589 700; x_wconf 82' lang='lat' dir='ltr'><strong>verbum</strong></span> <span class='ocrx_word' id='word_1_41' title='bbox 619 658 881 715; x_wconf 84' lang='lat' dir='ltr'><strong>primitivum</strong></span> <span class='ocrx_word' id='word_1_42' title='bbox 911 672 998 701; x_wconf 88' lang='lat' dir='ltr'><strong>non</strong></span> <span class='ocrx_word' id='word_1_43' title='bbox 1031 657 1272 714; x_wconf 85' lang='lat' dir='ltr'><strong>significare</strong></span> <span class='ocrx_word' id='word_1_44' title='bbox 1309 658 1533 702; x_wconf 86' lang='lat' dir='ltr'><strong>veritatem</strong></span> <span class='ocrx_word' id='word_1_45' title='bbox 1563 663 1636 701; x_wconf 78' lang='lat' dir='ltr'><strong>aut</strong></span> <span class='ocrx_word' id='word_1_46' title='bbox 1663 656 1907 701; x_wconf 81' lang='lat' dir='ltr'><strong>falsitatem.</strong></span> 
     </span>
     <span class='ocr_line' id='line_1_6' title="bbox 116 739 1908 799; baseline -0.001 -16"><span class='ocrx_word' id='word_1_47' title='bbox 116 740 191 765; x_wconf 61' lang='lat'><strong>¹³⁴*</strong></span> <span class='ocrx_word' id='word_1_48' title='bbox 209 739 336 783; x_wconf 85' lang='lat' dir='ltr'><strong>Nunc</strong></span> <span class='ocrx_word' id='word_1_49' title='bbox 368 746 507 783; x_wconf 84' lang='lat' dir='ltr'><strong>autem</strong></span> <span class='ocrx_word' id='word_1_50' title='bbox 539 741 631 783; x_wconf 87' lang='lat' dir='ltr'><strong>vult</strong></span> <span class='ocrx_word' id='word_1_51' title='bbox 661 740 883 799; x_wconf 88' lang='lat' dir='ltr'><strong>expedire,</strong></span> <span class='ocrx_word' id='word_1_52' title='bbox 924 756 1010 784; x_wconf 91' lang='lat' dir='ltr'><strong>non</strong></span> <span class='ocrx_word' id='word_1_53' title='bbox 1039 740 1176 783; x_wconf 87' lang='lat' dir='ltr'><strong>solum</strong></span> <span class='ocrx_word' id='word_1_54' title='bbox 1208 740 1289 783; x_wconf 91' lang='lat' dir='ltr'><strong>hoc</strong></span> <span class='ocrx_word' id='word_1_55' title='bbox 1320 741 1498 784; x_wconf 86' lang='lat' dir='ltr'><strong>verbum</strong></span> <span class='ocrx_word' id='word_1_56' title='bbox 1528 739 1791 798; x_wconf 85' lang='lat' dir='ltr'><strong>primitivum</strong></span> <span class='ocrx_word' id='word_1_57' title='bbox 1822 754 1908 783; x_wconf 88' lang='lat' dir='ltr'><strong>non</strong></span> 
     </span>
     <span class='ocr_line' id='line_1_7' title="bbox 116 822 1908 881; baseline 0.001 -16"><span class='ocrx_word' id='word_1_58' title='bbox 116 822 356 880; x_wconf 84' lang='lat' dir='ltr'><strong>significare</strong></span> <span class='ocrx_word' id='word_1_59' title='bbox 387 837 534 866; x_wconf 88' lang='lat' dir='ltr'><strong>verum</strong></span> <span class='ocrx_word' id='word_1_60' title='bbox 564 830 638 867; x_wconf 85' lang='lat' dir='ltr'><strong>aut</strong></span> <span class='ocrx_word' id='word_1_61' title='bbox 665 824 839 876; x_wconf 85' lang='lat' dir='ltr'><strong>falsum,</strong></span> <span class='ocrx_word' id='word_1_62' title='bbox 883 823 956 867; x_wconf 91' lang='lat' dir='ltr'><strong>sed</strong></span> <span class='ocrx_word' id='word_1_63' title='bbox 986 838 1039 865; x_wconf 89' lang='lat' dir='ltr'><strong>ne</strong></span> <span class='ocrx_word' id='word_1_64' title='bbox 1070 825 1174 877; x_wconf 80' lang='lat' dir='ltr'><strong>,ens‘</strong></span> <span class='ocrx_word' id='word_1_65' title='bbox 1207 823 1378 880; x_wconf 87' lang='lat' dir='ltr'><strong>quidem</strong></span> <span class='ocrx_word' id='word_1_66' title='bbox 1409 823 1534 876; x_wconf 85' lang='lat' dir='ltr'><strong>illud,</strong></span> <span class='ocrx_word' id='word_1_67' title='bbox 1567 839 1592 866; x_wconf 93' lang='lat' dir='ltr'><strong>a</strong></span> <span class='ocrx_word' id='word_1_68' title='bbox 1623 838 1707 881; x_wconf 88' lang='lat' dir='ltr'><strong>quo</strong></span> <span class='ocrx_word' id='word_1_69' title='bbox 1741 823 1908 867; x_wconf 82' lang='lat' dir='ltr'><strong>ducitur</strong></span> 
     </span>
    </p>
   </div>
   <div class='ocr_carea' id='block_1_3' title="bbox 117 903 1966 964">
    <p class='ocr_par' dir='ltr' id='par_1_3' title="bbox 117 903 1966 964">
     <span class='ocr_line' id='line_1_8' title="bbox 117 903 1966 964; baseline 0.002 -17"><span class='ocrx_word' id='word_1_70' title='bbox 117 903 430 963; x_wconf 80' lang='lat' dir='ltr'><strong>[primitivum],</strong></span> <span class='ocrx_word' id='word_1_71' title='bbox 462 905 575 963; x_wconf 93' lang='lat' dir='ltr'><strong>quod</strong></span> <span class='ocrx_word' id='word_1_72' title='bbox 614 905 850 963; x_wconf 77' lang='lat' dir='ltr'><strong>adpellatur</strong></span> <span class='ocrx_word' id='word_1_73' title='bbox 891 905 1058 949; x_wconf 82' lang='lat' dir='ltr'><strong>Graece</strong></span> <span class='ocrx_word' id='word_1_74' title='bbox 1097 908 1195 960; x_wconf 86' lang='lat' dir='ltr'><strong>,on‘.</strong></span> <span class='ocrx_word' id='word_1_75' title='bbox 1263 904 1311 949; x_wconf 86' lang='lat' dir='ltr'><strong>Si</strong></span> <span class='ocrx_word' id='word_1_76' title='bbox 1353 906 1482 963; x_wconf 89' lang='lat' dir='ltr'><strong>igitur</strong></span> <span class='ocrx_word' id='word_1_77' title='bbox 1520 922 1574 949; x_wconf 87' lang='lat' dir='ltr'><strong>ne</strong></span> <span class='ocrx_word' id='word_1_78' title='bbox 1613 910 1697 961; x_wconf 87' lang='lat' dir='ltr'><strong>‚on‘</strong></span> <span class='ocrx_word' id='word_1_79' title='bbox 1737 906 1909 964; x_wconf 86' lang='lat' dir='ltr'><strong>quidem</strong></span> <span class='ocrx_word' id='word_1_80' title='bbox 1960 934 1966 941; x_wconf 92' lang='lat'>·</span> 
     </span>
    </p>
   </div>
   <div class='ocr_carea' id='block_1_4' title="bbox 64 987 1909 1212">
    <p class='ocr_par' dir='ltr' id='par_1_4' title="bbox 64 987 1909 1212">
     <span class='ocr_line' id='line_1_9' title="bbox 118 987 1908 1047; baseline 0.002 -18"><span class='ocrx_word' id='word_1_81' title='bbox 118 987 331 1044; x_wconf 84' lang='lat' dir='ltr'><strong>significat</strong></span> <span class='ocrx_word' id='word_1_82' title='bbox 361 1003 510 1030; x_wconf 86' lang='lat' dir='ltr'><strong>verum</strong></span> <span class='ocrx_word' id='word_1_83' title='bbox 551 995 623 1031; x_wconf 84' lang='lat' dir='ltr'><strong>aut</strong></span> <span class='ocrx_word' id='word_1_84' title='bbox 661 989 836 1044; x_wconf 86' lang='lat' dir='ltr'><strong>falsum,</strong></span> <span class='ocrx_word' id='word_1_85' title='bbox 878 1004 981 1046; x_wconf 87' lang='lat' dir='ltr'><strong>ergo</strong></span> <span class='ocrx_word' id='word_1_86' title='bbox 1020 1004 1074 1031; x_wconf 86' lang='lat' dir='ltr'><strong>ne</strong></span> <span class='ocrx_word' id='word_1_87' title='bbox 1114 989 1292 1032; x_wconf 88' lang='lat' dir='ltr'><strong>verbum</strong></span> <span class='ocrx_word' id='word_1_88' title='bbox 1331 989 1593 1046; x_wconf 87' lang='lat' dir='ltr'><strong>primitivum</strong></span> <span class='ocrx_word' id='word_1_89' title='bbox 1633 989 1827 1047; x_wconf 82' lang='lat' dir='ltr'><strong>quidem,</strong></span> <span class='ocrx_word' id='word_1_90' title='bbox 1866 989 1908 1033; x_wconf 86' lang='lat' dir='ltr'><strong>id</strong></span> 
     </span>
     <span class='ocr_line' id='line_1_10' title="bbox 64 1069 1908 1129; baseline -0.001 -13"><span class='ocrx_word' id='word_1_91' title='bbox 64 1091 98 1116; x_wconf 71' lang='lat'><strong>20</strong></span> <span class='ocrx_word' id='word_1_92' title='bbox 117 1069 231 1128; x_wconf 88' lang='lat' dir='ltr'><strong>quod</strong></span> <span class='ocrx_word' id='word_1_93' title='bbox 261 1071 314 1113; x_wconf 85' lang='lat' dir='ltr'><strong>ab</strong></span> <span class='ocrx_word' id='word_1_94' title='bbox 346 1086 394 1112; x_wconf 90' lang='lat' dir='ltr'><strong>eo</strong></span> <span class='ocrx_word' id='word_1_95' title='bbox 424 1070 428 1127; x_wconf 72' lang='grc' dir='ltr'>Ι</span> <span class='ocrx_word' id='word_1_96' title='bbox 457 1069 634 1114; x_wconf 85' lang='lat' dir='ltr'><strong>ducitur.</strong></span> <span class='ocrx_word' id='word_1_97' title='bbox 695 1069 773 1114; x_wconf 87' lang='lat' dir='ltr'><strong>Sin</strong></span> <span class='ocrx_word' id='word_1_98' title='bbox 803 1078 946 1114; x_wconf 83' lang='lat' dir='ltr'><strong>autem</strong></span> <span class='ocrx_word' id='word_1_99' title='bbox 977 1072 1156 1114; x_wconf 86' lang='lat' dir='ltr'><strong>verbum</strong></span> <span class='ocrx_word' id='word_1_100' title='bbox 1186 1070 1448 1129; x_wconf 86' lang='lat' dir='ltr'><strong>primitivum</strong></span> <span class='ocrx_word' id='word_1_101' title='bbox 1480 1086 1565 1114; x_wconf 88' lang='lat' dir='ltr'><strong>non</strong></span> <span class='ocrx_word' id='word_1_102' title='bbox 1598 1071 1824 1129; x_wconf 85' lang='lat' dir='ltr'><strong>significat,</strong></span> <span class='ocrx_word' id='word_1_103' title='bbox 1853 1087 1908 1115; x_wconf 89' lang='lat' dir='ltr'><strong>ne</strong></span> 
     </span>
     <span class='ocr_line' id='line_1_11' title="bbox 115 1153 1909 1212; baseline 0 -16"><span class='ocrx_word' id='word_1_104' title='bbox 115 1169 243 1196; x_wconf 88' lang='lat' dir='ltr'><strong>unum</strong></span> <span class='ocrx_word' id='word_1_105' title='bbox 275 1153 445 1210; x_wconf 89' lang='lat' dir='ltr'><strong>quidem</strong></span> <span class='ocrx_word' id='word_1_106' title='bbox 477 1155 704 1197; x_wconf 86' lang='lat' dir='ltr'><strong>verborum</strong></span> <span class='ocrx_word' id='word_1_107' title='bbox 737 1154 968 1211; x_wconf 82' lang='lat' dir='ltr'><strong>significat3</strong></span> <span class='ocrx_word' id='word_1_108' title='bbox 1007 1160 1232 1212; x_wconf 84' lang='lat' dir='ltr'><strong>propterea</strong></span> <span class='ocrx_word' id='word_1_109' title='bbox 1271 1154 1382 1211; x_wconf 91' lang='lat' dir='ltr'><strong>quod</strong></span> <span class='ocrx_word' id='word_1_110' title='bbox 1415 1154 1579 1198; x_wconf 87' lang='lat' dir='ltr'><strong>minora</strong></span> <span class='ocrx_word' id='word_1_111' title='bbox 1618 1162 1716 1198; x_wconf 89' lang='lat' dir='ltr'><strong>sunt</strong></span> <span class='ocrx_word' id='word_1_112' title='bbox 1754 1170 1803 1198; x_wconf 92' lang='lat' dir='ltr'><strong>eo</strong></span> <span class='ocrx_word' id='word_1_113' title='bbox 1812 1188 1825 1210; x_wconf 86' lang='lat'><em>‚</em></span> <span class='ocrx_word' id='word_1_114' title='bbox 1863 1161 1909 1198; x_wconf 87' lang='lat' dir='ltr'><strong>ut</strong></span> 
     </span>
    </p>
   </div>
   <div class='ocr_carea' id='block_1_5' title="bbox 115 1232 2037 1294">
    <p class='ocr_par' dir='ltr' id='par_1_5' title="bbox 115 1232 2037 1294">
     <span class='ocr_line' id='line_1_12' title="bbox 115 1232 2037 1294; baseline 0.001 -15"><span class='ocrx_word' id='word_1_115' title='bbox 115 1251 241 1294; x_wconf 87' lang='lat' dir='ltr'><strong>supra</strong></span> <span class='ocrx_word' id='word_1_116' title='bbox 279 1236 438 1279; x_wconf 84' lang='lat' dir='ltr'><strong>dictum</strong></span> <span class='ocrx_word' id='word_1_117' title='bbox 479 1243 555 1280; x_wconf 84' lang='lat' dir='ltr'><strong>est.</strong></span> <span class='ocrx_word' id='word_1_118' title='bbox 616 1240 668 1280; x_wconf 88' lang='lat' dir='ltr'><strong>A.</strong></span> <span class='ocrx_word' id='word_1_119' title='bbox 710 1232 802 1279; x_wconf 66' lang='grc' dir='ltr'><strong>αὐτό</strong></span> <span class='ocrx_word' id='word_1_120' title='bbox 834 1236 897 1293; x_wconf 75' lang='grc' dir='ltr'>μὲν</span> <span class='ocrx_word' id='word_1_121' title='bbox 936 1233 1008 1291; x_wconf 61' lang='grc' dir='ltr'><strong>γάρ</strong></span> <span class='ocrx_word' id='word_1_122' title='bbox 1050 1232 1152 1279; x_wconf 73' lang='grc' dir='ltr'>οὐδέν</span> <span class='ocrx_word' id='word_1_123' title='bbox 1183 1237 1279 1279; x_wconf 78' lang='grc' dir='ltr'>ἐστι.</span> <span class='ocrx_word' id='word_1_124' title='bbox 1342 1240 1386 1280; x_wconf 91' lang='grc' dir='ltr'><strong>Ρ.</strong></span> <span class='ocrx_word' id='word_1_125' title='bbox 1424 1237 1588 1280; x_wconf 83' lang='lat' dir='ltr'><strong>Rursus</strong></span> <span class='ocrx_word' id='word_1_126' title='bbox 1628 1237 1907 1281; x_wconf 87' lang='lat' dir='ltr'><strong>communiter</strong></span> <span class='ocrx_word' id='word_1_127' title='bbox 1926 1255 2037 1281; x_wconf 75' lang='lat' dir='ltr'>16b24</span> 
     </span>
    </p>
   </div>
   <div class='ocr_carea' id='block_1_6' title="bbox 23 1318 1913 3543">
    <p class='ocr_par' dir='ltr' id='par_1_6' title="bbox 24 1318 1910 1793">
     <span class='ocr_line' id='line_1_13' title="bbox 114 1318 1910 1378; baseline 0 -16"><span class='ocrx_word' id='word_1_128' title='bbox 114 1319 315 1362; x_wconf 84' lang='lat' dir='ltr'><strong>debemus</strong></span> <span class='ocrx_word' id='word_1_129' title='bbox 355 1319 550 1377; x_wconf 84' lang='lat' dir='ltr'><strong>accipere</strong></span> <span class='ocrx_word' id='word_1_130' title='bbox 591 1319 632 1362; x_wconf 89' lang='lat' dir='ltr'><strong>id</strong></span> <span class='ocrx_word' id='word_1_131' title='bbox 676 1320 788 1378; x_wconf 82' lang='lat' dir='ltr'><strong>quod</strong></span> <span class='ocrx_word' id='word_1_132' title='bbox 828 1336 957 1378; x_wconf 87' lang='lat' dir='ltr'><strong>supra</strong></span> <span class='ocrx_word' id='word_1_133' title='bbox 996 1321 1179 1378; x_wconf 89' lang='lat' dir='ltr'><strong>positum</strong></span> <span class='ocrx_word' id='word_1_134' title='bbox 1221 1328 1306 1376; x_wconf 87' lang='lat' dir='ltr'><strong>est,</strong></span> <span class='ocrx_word' id='word_1_135' title='bbox 1346 1322 1385 1364; x_wconf 93' lang='lat' dir='ltr'><strong>h.</strong></span> <span class='ocrx_word' id='word_1_136' title='bbox 1420 1336 1454 1365; x_wconf 90' lang='lat' dir='ltr'><strong>e.</strong></span> <span class='ocrx_word' id='word_1_137' title='bbox 1486 1321 1612 1364; x_wconf 87' lang='lat' dir='ltr'><strong>illud:</strong></span> <span class='ocrx_word' id='word_1_138' title='bbox 1645 1318 1797 1377; x_wconf 79' lang='grc' dir='ltr'>σημεῖόν</span> <span class='ocrx_word' id='word_1_139' title='bbox 1828 1321 1910 1363; x_wconf 81' lang='grc' dir='ltr'>ἔστι</span> 
     </span>
     <span class='ocr_line' id='line_1_14' title="bbox 118 1399 1910 1461; baseline 0.001 -17"><span class='ocrx_word' id='word_1_140' title='bbox 118 1401 184 1444; x_wconf 70' lang='grc' dir='ltr'><strong>τοῦ</strong></span> <span class='ocrx_word' id='word_1_141' title='bbox 213 1399 447 1458; x_wconf 68' lang='grc' dir='ltr'><em>πράγματος.</em></span> <span class='ocrx_word' id='word_1_142' title='bbox 508 1402 589 1445; x_wconf 91' lang='lat' dir='ltr'><strong>Illo</strong></span> <span class='ocrx_word' id='word_1_143' title='bbox 626 1409 766 1445; x_wconf 85' lang='lat' dir='ltr'><strong>autem</strong></span> <span class='ocrx_word' id='word_1_144' title='bbox 806 1403 856 1428; x_wconf 87' lang='lat'><strong>¹⁰⁰</strong></span> <span class='ocrx_word' id='word_1_145' title='bbox 878 1402 934 1457; x_wconf 80' lang='lat' dir='ltr'><strong>‚id</strong></span> <span class='ocrx_word' id='word_1_146' title='bbox 972 1403 1076 1446; x_wconf 91' lang='lat' dir='ltr'><strong>nihil</strong></span> <span class='ocrx_word' id='word_1_147' title='bbox 1117 1403 1387 1461; x_wconf 86' lang='lat' dir='ltr'><strong>significare‘‚</strong></span> <span class='ocrx_word' id='word_1_148' title='bbox 1435 1419 1520 1447; x_wconf 89' lang='lat' dir='ltr'><strong>non</strong></span> <span class='ocrx_word' id='word_1_149' title='bbox 1560 1403 1685 1457; x_wconf 85' lang='lat' dir='ltr'><strong>illud,</strong></span> <span class='ocrx_word' id='word_1_150' title='bbox 1727 1403 1770 1446; x_wconf 88' lang='lat' dir='ltr'><strong>id</strong></span> <span class='ocrx_word' id='word_1_151' title='bbox 1805 1402 1910 1445; x_wconf 87' lang='lat' dir='ltr'><strong>nihil</strong></span> 
     </span>
     <span class='ocr_line' id='line_1_15' title="bbox 63 1484 1909 1544; baseline -0.001 -14"><span class='ocrx_word' id='word_1_152' title='bbox 63 1489 123 1541; x_wconf 72' lang='lat'><strong>³5!</strong></span> <span class='ocrx_word' id='word_1_153' title='bbox 157 1485 327 1528; x_wconf 91' lang='lat' dir='ltr'><strong>omnino</strong></span> <span class='ocrx_word' id='word_1_154' title='bbox 375 1484 616 1542; x_wconf 85' lang='lat' dir='ltr'><strong>significare</strong></span> <span class='ocrx_word' id='word_1_155' title='bbox 656 1485 782 1541; x_wconf 79' lang='lat' dir='ltr'><strong>dixit3</strong></span> <span class='ocrx_word' id='word_1_156' title='bbox 837 1486 910 1529; x_wconf 89' lang='lat' dir='ltr'><strong>sed</strong></span> <span class='ocrx_word' id='word_1_157' title='bbox 951 1485 1125 1544; x_wconf 90' lang='lat' dir='ltr'><strong>[potius]</strong></span> <span class='ocrx_word' id='word_1_158' title='bbox 1165 1502 1311 1530; x_wconf 83' lang='lat' dir='ltr'><strong>verum</strong></span> <span class='ocrx_word' id='word_1_159' title='bbox 1354 1493 1425 1529; x_wconf 88' lang='lat' dir='ltr'><strong>aut</strong></span> <span class='ocrx_word' id='word_1_160' title='bbox 1462 1487 1615 1530; x_wconf 88' lang='lat' dir='ltr'><strong>falsum</strong></span> <span class='ocrx_word' id='word_1_161' title='bbox 1657 1502 1742 1528; x_wconf 90' lang='lat' dir='ltr'><strong>non</strong></span> <span class='ocrx_word' id='word_1_162' title='bbox 1781 1485 1909 1543; x_wconf 88' lang='lat' dir='ltr'><strong>signi-</strong></span> 
     </span>
     <span class='ocr_line' id='line_1_16' title="bbox 24 1560 1910 1627; baseline -0.002 -13"><span class='ocrx_word' id='word_1_163' title='bbox 24 1588 96 1621; x_wconf 79' lang='lat'><strong>79‚1</strong></span> <span class='ocrx_word' id='word_1_164' title='bbox 117 1568 256 1613; x_wconf 79' lang='lat' dir='ltr'><strong>ficare.</strong></span> <span class='ocrx_word' id='word_1_165' title='bbox 291 1567 297 1627; x_wconf 82' lang='grc' dir='ltr'>Ι</span> <span class='ocrx_word' id='word_1_166' title='bbox 333 1571 384 1611; x_wconf 91' lang='grc' dir='ltr'><strong>Α.</strong></span> <span class='ocrx_word' id='word_1_167' title='bbox 417 1568 690 1624; x_wconf 78' lang='grc' dir='ltr'>προσ-σημαίνει</span> <span class='ocrx_word' id='word_1_168' title='bbox 731 1568 771 1611; x_wconf 68' lang='grc' dir='ltr'><strong>δὲ</strong></span> <span class='ocrx_word' id='word_1_169' title='bbox 810 1565 983 1613; x_wconf 62' lang='grc' dir='ltr'>σύνθεσίν</span> <span class='ocrx_word' id='word_1_170' title='bbox 1024 1587 1126 1622; x_wconf 82' lang='grc' dir='ltr'>τινα,</span> <span class='ocrx_word' id='word_1_171' title='bbox 1168 1560 1209 1625; x_wconf 65' lang='grc' dir='ltr'>ἢν</span> <span class='ocrx_word' id='word_1_172' title='bbox 1243 1560 1324 1612; x_wconf 61' lang='grc' dir='ltr'>ἄνευ</span> <span class='ocrx_word' id='word_1_173' title='bbox 1356 1569 1427 1611; x_wconf 66' lang='grc' dir='ltr'>τῶν</span> <span class='ocrx_word' id='word_1_174' title='bbox 1460 1569 1701 1626; x_wconf 79' lang='grc' dir='ltr'>συγκειμένων</span> <span class='ocrx_word' id='word_1_175' title='bbox 1733 1564 1799 1610; x_wconf 69' lang='grc' dir='ltr'><strong>οὐκ</strong></span> <span class='ocrx_word' id='word_1_176' title='bbox 1830 1565 1910 1610; x_wconf 68' lang='grc' dir='ltr'><strong>ἔπι</strong></span> 
     </span>
     <span class='ocr_line' id='line_1_17' title="bbox 117 1650 1908 1710; baseline 0 -15"><span class='ocrx_word' id='word_1_177' title='bbox 117 1654 260 1709; x_wconf 82' lang='grc' dir='ltr'>νοῆσαι.</span> <span class='ocrx_word' id='word_1_178' title='bbox 323 1654 367 1694; x_wconf 89' lang='grc' dir='ltr'><strong>Ρ.</strong></span> <span class='ocrx_word' id='word_1_179' title='bbox 415 1652 513 1694; x_wconf 92' lang='lat' dir='ltr'><strong>Hoc</strong></span> <span class='ocrx_word' id='word_1_180' title='bbox 558 1658 642 1705; x_wconf 88' lang='lat' dir='ltr'><strong>est,</strong></span> <span class='ocrx_word' id='word_1_181' title='bbox 683 1652 797 1709; x_wconf 89' lang='lat' dir='ltr'><strong>quod</strong></span> <span class='ocrx_word' id='word_1_182' title='bbox 842 1652 964 1695; x_wconf 87' lang='lat' dir='ltr'><strong>dicit:</strong></span> <span class='ocrx_word' id='word_1_183' title='bbox 1012 1651 1238 1710; x_wconf 85' lang='lat' dir='ltr'><strong>Significat</strong></span> <span class='ocrx_word' id='word_1_184' title='bbox 1284 1652 1636 1710; x_wconf 85' lang='lat' dir='ltr'><strong>compositionem</strong></span> <span class='ocrx_word' id='word_1_185' title='bbox 1683 1650 1908 1708; x_wconf 83' lang='lat' dir='ltr'><strong>quandam,</strong></span> 
     </span>
     <span class='ocr_line' id='line_1_18' title="bbox 117 1733 1908 1793; baseline -0.002 -15"><span class='ocrx_word' id='word_1_186' title='bbox 117 1735 284 1793; x_wconf 85' lang='lat' dir='ltr'><strong>quando</strong></span> <span class='ocrx_word' id='word_1_187' title='bbox 318 1750 413 1778; x_wconf 86' lang='lat' dir='ltr'><strong>cum</strong></span> <span class='ocrx_word' id='word_1_188' title='bbox 445 1735 528 1777; x_wconf 88' lang='lat' dir='ltr'><strong>alio</strong></span> <span class='ocrx_word' id='word_1_189' title='bbox 560 1750 645 1777; x_wconf 87' lang='lat' dir='ltr'><strong>una</strong></span> <span class='ocrx_word' id='word_1_190' title='bbox 677 1735 948 1777; x_wconf 88' lang='lat' dir='ltr'><strong>coniunctum</strong></span> <span class='ocrx_word' id='word_1_191' title='bbox 979 1741 1055 1778; x_wconf 87' lang='lat' dir='ltr'><strong>est.</strong></span> <span class='ocrx_word' id='word_1_192' title='bbox 1107 1733 1469 1792; x_wconf 86' lang='lat' dir='ltr'><strong>Compositionem</strong></span> <span class='ocrx_word' id='word_1_193' title='bbox 1501 1741 1644 1778; x_wconf 84' lang='lat' dir='ltr'><strong>autem</strong></span> <span class='ocrx_word' id='word_1_194' title='bbox 1675 1734 1765 1776; x_wconf 88' lang='lat' dir='ltr'><strong>sine</strong></span> <span class='ocrx_word' id='word_1_195' title='bbox 1797 1748 1908 1775; x_wconf 90' lang='lat' dir='ltr'><strong>com-</strong></span> 
     </span>
    </p>

    <p class='ocr_par' dir='ltr' id='par_1_7' title="bbox 81 1816 1791 1876">
     <span class='ocr_line' id='line_1_19' title="bbox 81 1816 1791 1876; baseline -0.002 -14"><span class='ocrx_word' id='word_1_196' title='bbox 81 1837 97 1863; x_wconf 83' lang='lat'><strong>5</strong></span> <span class='ocrx_word' id='word_1_197' title='bbox 117 1818 264 1876; x_wconf 86' lang='lat' dir='ltr'><strong>positis</strong></span> <span class='ocrx_word' id='word_1_198' title='bbox 295 1833 379 1861; x_wconf 88' lang='lat' dir='ltr'><strong>non</strong></span> <span class='ocrx_word' id='word_1_199' title='bbox 410 1818 510 1860; x_wconf 89' lang='lat' dir='ltr'><strong>licet</strong></span> <span class='ocrx_word' id='word_1_200' title='bbox 539 1817 758 1875; x_wconf 90' lang='lat' dir='ltr'><strong>percipere</strong></span> <span class='ocrx_word' id='word_1_201' title='bbox 787 1818 828 1859; x_wconf 93' lang='lat' dir='ltr'><strong>h.</strong></span> <span class='ocrx_word' id='word_1_202' title='bbox 862 1833 898 1859; x_wconf 86' lang='lat' dir='ltr'><strong>e.</strong></span> <span class='ocrx_word' id='word_1_203' title='bbox 935 1816 1055 1876; x_wconf 83' lang='lat' dir='ltr'><strong>[sine]</strong></span> <span class='ocrx_word' id='word_1_204' title='bbox 1087 1818 1258 1860; x_wconf 88' lang='lat' dir='ltr'><strong>nomine</strong></span> <span class='ocrx_word' id='word_1_205' title='bbox 1295 1825 1338 1860; x_wconf 85' lang='lat' dir='ltr'><strong>et</strong></span> <span class='ocrx_word' id='word_1_206' title='bbox 1367 1818 1500 1861; x_wconf 86' lang='lat' dir='ltr'><strong>verbo</strong></span> <span class='ocrx_word' id='word_1_207' title='bbox 1533 1816 1791 1874; x_wconf 83' lang='lat' dir='ltr'><strong>compositis.</strong></span> 
     </span>
    </p>

    <p class='ocr_par' dir='ltr' id='par_1_8' title="bbox 672 1903 1347 1943">
     <span class='ocr_line' id='line_1_20' title="bbox 672 1903 1347 1943; baseline 0.001 -1"><span class='ocrx_word' id='word_1_208' title='bbox 672 1903 736 1943; x_wconf 87' lang='lat' dir='ltr'><strong>De</strong></span> <span class='ocrx_word' id='word_1_209' title='bbox 766 1903 944 1943; x_wconf 83' lang='lat' dir='ltr'><strong>oratione</strong></span> <span class='ocrx_word' id='word_1_210' title='bbox 974 1903 1208 1943; x_wconf 73' lang='lat' dir='ltr'><strong>Aristoteles</strong></span> <span class='ocrx_word' id='word_1_211' title='bbox 1240 1903 1347 1943; x_wconf 75' lang='lat' dir='ltr'><strong>dicit.</strong></span> 
     </span>
    </p>

    <p class='ocr_par' dir='ltr' id='par_1_9' title="bbox 23 1979 1913 3543">
     <span class='ocr_line' id='line_1_21' title="bbox 119 1979 1912 2039; baseline -0.002 -12"><span class='ocrx_word' id='word_1_212' title='bbox 119 1981 237 2039; x_wconf 75' lang='grc' dir='ltr'><em>Λόγος</em></span> <span class='ocrx_word' id='word_1_213' title='bbox 267 1981 348 2026; x_wconf 76' lang='grc' dir='ltr'>ἐστὶ</span> <span class='ocrx_word' id='word_1_214' title='bbox 381 1979 484 2039; x_wconf 68' lang='grc' dir='ltr'>φωνὴ</span> <span class='ocrx_word' id='word_1_215' title='bbox 515 1979 726 2039; x_wconf 77' lang='grc' dir='ltr'>σημαντικὴ</span> <span class='ocrx_word' id='word_1_216' title='bbox 763 1979 864 2026; x_wconf 65' lang='grc' dir='ltr'><em>κατεῖ</em></span> <span class='ocrx_word' id='word_1_217' title='bbox 897 1979 1110 2039; x_wconf 66' lang='grc' dir='ltr'>συνθήκην,</span> <span class='ocrx_word' id='word_1_218' title='bbox 1150 2002 1191 2039; x_wconf 83' lang='grc' dir='ltr'><strong>ης</strong></span> <span class='ocrx_word' id='word_1_219' title='bbox 1224 1984 1292 2025; x_wconf 76' lang='grc' dir='ltr'>τῶν</span> <span class='ocrx_word' id='word_1_220' title='bbox 1331 1984 1447 2039; x_wconf 69' lang='grc' dir='ltr'>μερῶν</span> <span class='ocrx_word' id='word_1_221' title='bbox 1488 2001 1523 2025; x_wconf 83' lang='grc' dir='ltr'><strong>τι</strong></span> <span class='ocrx_word' id='word_1_222' title='bbox 1565 1979 1792 2038; x_wconf 80' lang='grc' dir='ltr'>σημαντικόν</span> <span class='ocrx_word' id='word_1_223' title='bbox 1830 1982 1912 2023; x_wconf 82' lang='grc' dir='ltr'>ἐστι</span> 
     </span>
     <span class='ocr_line' id='line_1_22' title="bbox 118 2062 1908 2124; baseline -0.002 -13"><span class='ocrx_word' id='word_1_224' title='bbox 118 2068 406 2124; x_wconf 82' lang='grc' dir='ltr'>κεχωρισμένον,</span> <span class='ocrx_word' id='word_1_225' title='bbox 429 2062 474 2119; x_wconf 76' lang='grc' dir='ltr'><strong>ὦς</strong></span> <span class='ocrx_word' id='word_1_226' title='bbox 497 2063 627 2120; x_wconf 71' lang='grc' dir='ltr'>φάσις,</span> <span class='ocrx_word' id='word_1_227' title='bbox 656 2063 739 2110; x_wconf 71' lang='grc' dir='ltr'><strong>ἀλλ’</strong></span> <span class='ocrx_word' id='word_1_228' title='bbox 763 2063 844 2122; x_wconf 71' lang='grc' dir='ltr'><strong>οὐχ’</strong></span> <span class='ocrx_word' id='word_1_229' title='bbox 870 2062 915 2117; x_wconf 74' lang='grc' dir='ltr'><strong>ὦς</strong></span> <span class='ocrx_word' id='word_1_230' title='bbox 937 2064 1170 2119; x_wconf 73' lang='grc' dir='ltr'><strong><em>κατάφασις.</em></strong></span> <span class='ocrx_word' id='word_1_231' title='bbox 1221 2068 1375 2109; x_wconf 70' lang='lat' dir='ltr'><strong>Probus</strong></span> <span class='ocrx_word' id='word_1_232' title='bbox 1396 2068 1505 2109; x_wconf 79' lang='lat' dir='ltr'><strong>dicit.</strong></span> <span class='ocrx_word' id='word_1_233' title='bbox 1540 2066 1599 2109; x_wconf 82' lang='lat' dir='ltr'><strong>Et</strong></span> <span class='ocrx_word' id='word_1_234' title='bbox 1618 2065 1848 2122; x_wconf 80' lang='lat' dir='ltr'><strong>quaeritur,</strong></span> <span class='ocrx_word' id='word_1_235' title='bbox 1861 2064 1908 2090; x_wconf 84' lang='lat'><strong>²⁰¹</strong></span> 
     </span>
     <span class='ocr_line' id='line_1_23' title="bbox 69 2148 1911 2207; baseline -0.001 -16"><span class='ocrx_word' id='word_1_236' title='bbox 69 2167 99 2191; x_wconf 76' lang='grc' dir='ltr'><strong>ιο</strong></span> <span class='ocrx_word' id='word_1_237' title='bbox 119 2167 215 2204; x_wconf 88' lang='lat' dir='ltr'><strong>cur,</strong></span> <span class='ocrx_word' id='word_1_238' title='bbox 257 2151 366 2194; x_wconf 86' lang='lat' dir='ltr'><strong>sicut</strong></span> <span class='ocrx_word' id='word_1_239' title='bbox 404 2150 637 2193; x_wconf 88' lang='lat' dir='ltr'><strong>orationem</strong></span> <span class='ocrx_word' id='word_1_240' title='bbox 666 2149 671 2207; x_wconf 85' lang='grc' dir='ltr'>Ι</span> <span class='ocrx_word' id='word_1_241' title='bbox 698 2150 768 2192; x_wconf 74' lang='lat' dir='ltr'><strong>hic</strong></span> <span class='ocrx_word' id='word_1_242' title='bbox 807 2149 931 2192; x_wconf 87' lang='lat' dir='ltr'><strong>tertio</strong></span> <span class='ocrx_word' id='word_1_243' title='bbox 972 2150 1064 2191; x_wconf 87' lang='lat' dir='ltr'><strong>loco</strong></span> <span class='ocrx_word' id='word_1_244' title='bbox 1104 2148 1295 2192; x_wconf 84' lang='lat' dir='ltr'><strong>definivit</strong></span> <span class='ocrx_word' id='word_1_245' title='bbox 1334 2155 1430 2206; x_wconf 89' lang='lat' dir='ltr'><strong>post</strong></span> <span class='ocrx_word' id='word_1_246' title='bbox 1459 2164 1617 2191; x_wconf 85' lang='lat' dir='ltr'><strong>nomen</strong></span> <span class='ocrx_word' id='word_1_247' title='bbox 1647 2155 1689 2190; x_wconf 87' lang='lat' dir='ltr'><strong>et</strong></span> <span class='ocrx_word' id='word_1_248' title='bbox 1719 2148 1911 2201; x_wconf 86' lang='lat' dir='ltr'><strong>verbum,</strong></span> 
     </span>
     <span class='ocr_line' id='line_1_24' title="bbox 119 2221 1910 2289; baseline -0.003 -11"><span class='ocrx_word' id='word_1_249' title='bbox 119 2250 203 2278; x_wconf 89' lang='lat' dir='ltr'><strong>non</strong></span> <span class='ocrx_word' id='word_1_250' title='bbox 234 2233 358 2277; x_wconf 83' lang='lat' dir='ltr'><strong>tertio</strong></span> <span class='ocrx_word' id='word_1_251' title='bbox 389 2234 483 2276; x_wconf 89' lang='lat' dir='ltr'><strong>loco</strong></span> <span class='ocrx_word' id='word_1_252' title='bbox 517 2248 610 2276; x_wconf 87' lang='lat' dir='ltr'><strong>eam</strong></span> <span class='ocrx_word' id='word_1_253' title='bbox 642 2221 685 2275; x_wconf 85' lang='lat' dir='ltr'><strong>in</strong></span> <span class='ocrx_word' id='word_1_254' title='bbox 717 2231 836 2274; x_wconf 84' lang='lat' dir='ltr'><strong>initio</strong></span> <span class='ocrx_word' id='word_1_255' title='bbox 868 2232 965 2274; x_wconf 89' lang='lat' dir='ltr'><strong>libri</strong></span> <span class='ocrx_word' id='word_1_256' title='bbox 987 2231 1188 2289; x_wconf 82' lang='lat' dir='ltr'><strong>posuerit,</strong></span> <span class='ocrx_word' id='word_1_257' title='bbox 1221 2231 1294 2274; x_wconf 84' lang='lat' dir='ltr'><strong>sed</strong></span> <span class='ocrx_word' id='word_1_258' title='bbox 1314 2231 1464 2275; x_wconf 56' lang='lat' dir='ltr'><strong>sexto?&gt;</strong></span> <span class='ocrx_word' id='word_1_259' title='bbox 1506 2231 1563 2273; x_wconf 85' lang='lat' dir='ltr'><strong>Et</strong></span> <span class='ocrx_word' id='word_1_260' title='bbox 1584 2230 1910 2288; x_wconf 85' lang='lat' dir='ltr'><strong>respondemus:</strong></span> 
     </span>
     <span class='ocr_line' id='line_1_25' title="bbox 118 2312 1911 2374; baseline -0.003 -14"><span class='ocrx_word' id='word_1_261' title='bbox 118 2316 185 2360; x_wconf 86' lang='lat' dir='ltr'><strong>Ne</strong></span> <span class='ocrx_word' id='word_1_262' title='bbox 216 2321 435 2374; x_wconf 83' lang='lat' dir='ltr'><strong>putaretur</strong></span> <span class='ocrx_word' id='word_1_263' title='bbox 473 2331 523 2359; x_wconf 86' lang='lat' dir='ltr'><strong>ea</strong></span> <span class='ocrx_word' id='word_1_264' title='bbox 563 2330 672 2372; x_wconf 87' lang='lat' dir='ltr'><strong>quae</strong></span> <span class='ocrx_word' id='word_1_265' title='bbox 709 2314 1085 2372; x_wconf 84' lang='lat' dir='ltr'><strong>grammaticorum</strong></span> <span class='ocrx_word' id='word_1_266' title='bbox 1121 2313 1249 2372; x_wconf 85' lang='lat' dir='ltr'><strong>[sunt]</strong></span> <span class='ocrx_word' id='word_1_267' title='bbox 1282 2314 1457 2358; x_wconf 82' lang='lat' dir='ltr'><strong>definire</strong></span> <span class='ocrx_word' id='word_1_268' title='bbox 1496 2314 1616 2359; x_wconf 88' lang='lat' dir='ltr'><strong>velle.</strong></span> <span class='ocrx_word' id='word_1_269' title='bbox 1686 2313 1768 2356; x_wconf 89' lang='lat' dir='ltr'><strong>His</strong></span> <span class='ocrx_word' id='word_1_270' title='bbox 1800 2312 1911 2356; x_wconf 88' lang='lat' dir='ltr'><strong>enim</strong></span> 
     </span>
     <span class='ocr_line' id='line_1_26' title="bbox 119 2394 1910 2457; baseline -0.002 -15"><span class='ocrx_word' id='word_1_271' title='bbox 119 2399 159 2442; x_wconf 91' lang='lat' dir='ltr'><strong>h.</strong></span> <span class='ocrx_word' id='word_1_272' title='bbox 192 2414 228 2444; x_wconf 89' lang='lat' dir='ltr'><strong>e.</strong></span> <span class='ocrx_word' id='word_1_273' title='bbox 266 2398 554 2457; x_wconf 81' lang='lat' dir='ltr'><strong>grammaticis</strong></span> <span class='ocrx_word' id='word_1_274' title='bbox 600 2397 652 2440; x_wconf 88' lang='lat' dir='ltr'><strong>de</strong></span> <span class='ocrx_word' id='word_1_275' title='bbox 694 2397 885 2441; x_wconf 87' lang='lat' dir='ltr'><strong>oratione</strong></span> <span class='ocrx_word' id='word_1_276' title='bbox 925 2404 966 2439; x_wconf 85' lang='lat' dir='ltr'><strong>et</strong></span> <span class='ocrx_word' id='word_1_277' title='bbox 1008 2397 1197 2455; x_wconf 86' lang='lat' dir='ltr'><strong>partibus</strong></span> <span class='ocrx_word' id='word_1_278' title='bbox 1245 2398 1334 2440; x_wconf 87' lang='lat' dir='ltr'><strong>eius</strong></span> <span class='ocrx_word' id='word_1_279' title='bbox 1380 2397 1563 2440; x_wconf 86' lang='lat' dir='ltr'><strong>studium</strong></span> <span class='ocrx_word' id='word_1_280' title='bbox 1609 2403 1686 2439; x_wconf 87' lang='lat' dir='ltr'><strong>est.</strong></span> <span class='ocrx_word' id='word_1_281' title='bbox 1751 2396 1813 2438; x_wconf 84' lang='lat' dir='ltr'><strong>Ut</strong></span> <span class='ocrx_word' id='word_1_282' title='bbox 1852 2394 1910 2437; x_wconf 88' lang='lat' dir='ltr'><strong>di—</strong></span> 
     </span>
     <span class='ocr_line' id='line_1_27' title="bbox 122 2478 1912 2540; baseline -0.002 -16"><span class='ocrx_word' id='word_1_283' title='bbox 122 2482 357 2540; x_wconf 85' lang='lat' dir='ltr'><strong>stingueret</strong></span> <span class='ocrx_word' id='word_1_284' title='bbox 386 2482 517 2540; x_wconf 78' lang='lat' dir='ltr'><strong>igitur</strong></span> <span class='ocrx_word' id='word_1_285' title='bbox 547 2496 666 2524; x_wconf 86' lang='lat' dir='ltr'><strong>suam</strong></span> <span class='ocrx_word' id='word_1_286' title='bbox 699 2480 957 2534; x_wconf 81' lang='lat' dir='ltr'><strong>orationem,</strong></span> <span class='ocrx_word' id='word_1_287' title='bbox 998 2496 1112 2534; x_wconf 83' lang='lat' dir='ltr'><strong>eam,</strong></span> <span class='ocrx_word' id='word_1_288' title='bbox 1152 2481 1204 2522; x_wconf 89' lang='lat' dir='ltr'><strong>de</strong></span> <span class='ocrx_word' id='word_1_289' title='bbox 1244 2496 1327 2537; x_wconf 87' lang='lat' dir='ltr'><strong>qua</strong></span> <span class='ocrx_word' id='word_1_290' title='bbox 1367 2480 1654 2537; x_wconf 81' lang='lat' dir='ltr'><strong>disputaturus</strong></span> <span class='ocrx_word' id='word_1_291' title='bbox 1687 2484 1820 2533; x_wconf 81' lang='lat' dir='ltr'><strong>esset,</strong></span> <span class='ocrx_word' id='word_1_292' title='bbox 1859 2478 1912 2520; x_wconf 89' lang='lat' dir='ltr'><strong>ab</strong></span> 
     </span>
     <span class='ocr_line' id='line_1_28' title="bbox 71 2558 1913 2622; baseline -0.003 -14"><span class='ocrx_word' id='word_1_293' title='bbox 71 2580 103 2608; x_wconf 65' lang='grc' dir='ltr'><strong>ιε»</strong></span> <span class='ocrx_word' id='word_1_294' title='bbox 122 2565 310 2608; x_wconf 86' lang='lat' dir='ltr'><strong>oratione</strong></span> <span class='ocrx_word' id='word_1_295' title='bbox 342 2565 414 2607; x_wconf 84' lang='lat' dir='ltr'><strong>illa</strong></span> <span class='ocrx_word' id='word_1_296' title='bbox 441 2564 447 2622; x_wconf 75' lang='grc' dir='ltr'>Ι</span> <span class='ocrx_word' id='word_1_297' title='bbox 474 2579 634 2618; x_wconf 83' lang='lat' dir='ltr'><strong>eorum,</strong></span> <span class='ocrx_word' id='word_1_298' title='bbox 666 2570 891 2621; x_wconf 85' lang='lat' dir='ltr'><strong>propterea</strong></span> <span class='ocrx_word' id='word_1_299' title='bbox 919 2563 1164 2620; x_wconf 85' lang='lat' dir='ltr'><strong>praeposuit</strong></span> <span class='ocrx_word' id='word_1_300' title='bbox 1194 2560 1415 2615; x_wconf 78' lang='grc' dir='ltr'>κατάφασιν</span> <span class='ocrx_word' id='word_1_301' title='bbox 1447 2570 1490 2604; x_wconf 87' lang='lat' dir='ltr'><strong>et</strong></span> <span class='ocrx_word' id='word_1_302' title='bbox 1519 2558 1730 2615; x_wconf 69' lang='grc' dir='ltr'>ἀπόφασιν,</span> <span class='ocrx_word' id='word_1_303' title='bbox 1762 2568 1810 2604; x_wconf 89' lang='lat' dir='ltr'><strong>ut</strong></span> <span class='ocrx_word' id='word_1_304' title='bbox 1837 2576 1913 2618; x_wconf 87' lang='lat' dir='ltr'><strong>per</strong></span> 
     </span>
     <span class='ocr_line' id='line_1_29' title="bbox 120 2644 1910 2704; baseline -0.003 -13"><span class='ocrx_word' id='word_1_305' title='bbox 120 2647 226 2691; x_wconf 87' lang='lat' dir='ltr'><strong>haec</strong></span> <span class='ocrx_word' id='word_1_306' title='bbox 265 2648 457 2699; x_wconf 88' lang='lat' dir='ltr'><strong>nomina,</strong></span> <span class='ocrx_word' id='word_1_307' title='bbox 498 2661 607 2704; x_wconf 88' lang='lat' dir='ltr'><strong>quae</strong></span> <span class='ocrx_word' id='word_1_308' title='bbox 642 2661 728 2689; x_wconf 89' lang='lat' dir='ltr'><strong>non</strong></span> <span class='ocrx_word' id='word_1_309' title='bbox 759 2646 914 2688; x_wconf 87' lang='lat' dir='ltr'><strong>usitata</strong></span> <span class='ocrx_word' id='word_1_310' title='bbox 946 2652 1063 2699; x_wconf 84' lang='lat' dir='ltr'><strong>sunt,</strong></span> <span class='ocrx_word' id='word_1_311' title='bbox 1103 2645 1348 2688; x_wconf 83' lang='lat' dir='ltr'><strong>excluderet</strong></span> <span class='ocrx_word' id='word_1_312' title='bbox 1379 2645 1506 2688; x_wconf 84' lang='lat' dir='ltr'><strong>etiam</strong></span> <span class='ocrx_word' id='word_1_313' title='bbox 1539 2644 1773 2688; x_wconf 80' lang='lat' dir='ltr'><strong>orationem</strong></span> <span class='ocrx_word' id='word_1_314' title='bbox 1804 2658 1910 2696; x_wconf 88' lang='lat' dir='ltr'><strong>eam,</strong></span> 
     </span>
     <span class='ocr_line' id='line_1_30' title="bbox 122 2725 1909 2790; baseline -0.004 -15"><span class='ocrx_word' id='word_1_315' title='bbox 122 2747 230 2790; x_wconf 87' lang='lat' dir='ltr'><strong>quae</strong></span> <span class='ocrx_word' id='word_1_316' title='bbox 269 2731 423 2774; x_wconf 87' lang='lat' dir='ltr'><strong>usitata</strong></span> <span class='ocrx_word' id='word_1_317' title='bbox 459 2730 571 2788; x_wconf 83' lang='lat' dir='ltr'><strong>apud</strong></span> <span class='ocrx_word' id='word_1_318' title='bbox 610 2744 683 2772; x_wconf 88' lang='lat' dir='ltr'><strong>eos</strong></span> <span class='ocrx_word' id='word_1_319' title='bbox 720 2736 797 2772; x_wconf 82' lang='lat' dir='ltr'><strong>est.</strong></span> <span class='ocrx_word' id='word_1_320' title='bbox 828 2753 887 2759; x_wconf 89' lang='lat'>—</span> <span class='ocrx_word' id='word_1_321' title='bbox 924 2728 1088 2771; x_wconf 82' lang='lat' dir='ltr'><strong>Dicunt</strong></span> <span class='ocrx_word' id='word_1_322' title='bbox 1127 2735 1287 2771; x_wconf 84' lang='lat' dir='ltr'><strong>autem:</strong></span> <span class='ocrx_word' id='word_1_323' title='bbox 1340 2727 1420 2770; x_wconf 88' lang='lat' dir='ltr'><strong>Est</strong></span> <span class='ocrx_word' id='word_1_324' title='bbox 1458 2727 1647 2770; x_wconf 84' lang='lat' dir='ltr'><strong>definitio</strong></span> <span class='ocrx_word' id='word_1_325' title='bbox 1686 2725 1909 2768; x_wconf 82' lang='lat' dir='ltr'><strong>orationis:</strong></span> 
     </span>
     <span class='ocr_line' id='line_1_31' title="bbox 123 2808 1910 2872; baseline -0.004 -15"><span class='ocrx_word' id='word_1_326' title='bbox 123 2829 207 2857; x_wconf 80' lang='lat' dir='ltr'><strong>vox</strong></span> <span class='ocrx_word' id='word_1_327' title='bbox 238 2813 520 2872; x_wconf 83' lang='lat' dir='ltr'><strong>significativa</strong></span> <span class='ocrx_word' id='word_1_328' title='bbox 549 2813 668 2855; x_wconf 90' lang='lat' dir='ltr'><strong>cuius</strong></span> <span class='ocrx_word' id='word_1_329' title='bbox 697 2812 881 2869; x_wconf 84' lang='lat' dir='ltr'><strong>partium</strong></span> <span class='ocrx_word' id='word_1_330' title='bbox 913 2817 978 2853; x_wconf 90' lang='lat' dir='ltr'><strong>est</strong></span> <span class='ocrx_word' id='word_1_331' title='bbox 1007 2811 1150 2867; x_wconf 89' lang='lat' dir='ltr'><strong>aliqua</strong></span> <span class='ocrx_word' id='word_1_332' title='bbox 1180 2810 1425 2868; x_wconf 86' lang='lat' dir='ltr'><strong>significans</strong></span> <span class='ocrx_word' id='word_1_333' title='bbox 1460 2816 1653 2867; x_wconf 84' lang='lat' dir='ltr'><strong>separata</strong></span> <span class='ocrx_word' id='word_1_334' title='bbox 1691 2816 1738 2852; x_wconf 88' lang='lat' dir='ltr'><strong>ut</strong></span> <span class='ocrx_word' id='word_1_335' title='bbox 1768 2808 1910 2860; x_wconf 82' lang='lat' dir='ltr'><strong>dictio,</strong></span> 
     </span>
     <span class='ocr_line' id='line_1_32' title="bbox 74 2886 1911 2951; baseline -0.005 -9"><span class='ocrx_word' id='word_1_336' title='bbox 74 2914 108 2942; x_wconf 63' lang='grc' dir='ltr'>ὀ</span> <span class='ocrx_word' id='word_1_337' title='bbox 126 2896 200 2940; x_wconf 80' lang='lat' dir='ltr'><strong>scd</strong></span> <span class='ocrx_word' id='word_1_338' title='bbox 245 2912 332 2941; x_wconf 87' lang='lat' dir='ltr'><strong>non</strong></span> <span class='ocrx_word' id='word_1_339' title='bbox 374 2902 422 2940; x_wconf 92' lang='lat' dir='ltr'><strong>ut</strong></span> <span class='ocrx_word' id='word_1_340' title='bbox 465 2895 702 2939; x_wconf 82' lang='lat' dir='ltr'><strong>affirmatio.</strong></span> <span class='ocrx_word' id='word_1_341' title='bbox 734 2919 789 2926; x_wconf 89' lang='lat'>—</span> <span class='ocrx_word' id='word_1_342' title='bbox 820 2893 826 2951; x_wconf 80' lang='grc' dir='ltr'>Ι</span> <span class='ocrx_word' id='word_1_343' title='bbox 853 2893 912 2935; x_wconf 81' lang='lat' dir='ltr'><strong>Et</strong></span> <span class='ocrx_word' id='word_1_344' title='bbox 949 2892 1142 2935; x_wconf 78' lang='lat' dir='ltr'><strong>dubitant</strong></span> <span class='ocrx_word' id='word_1_345' title='bbox 1179 2893 1371 2950; x_wconf 90' lang='lat' dir='ltr'><strong>quidam:</strong></span> <span class='ocrx_word' id='word_1_346' title='bbox 1419 2891 1506 2935; x_wconf 90' lang='lat' dir='ltr'><strong>Cur</strong></span> <span class='ocrx_word' id='word_1_347' title='bbox 1542 2907 1629 2935; x_wconf 87' lang='lat' dir='ltr'><strong>non</strong></span> <span class='ocrx_word' id='word_1_348' title='bbox 1668 2890 1777 2933; x_wconf 84' lang='lat' dir='ltr'><strong>dixit</strong></span> <span class='ocrx_word' id='word_1_349' title='bbox 1811 2886 1911 2933; x_wconf 69' lang='grc' dir='ltr'><strong><em>κατεῖ</em></strong></span> 
     </span>
     <span class='ocr_line' id='line_1_33' title="bbox 127 2972 1910 3036; baseline -0.004 -14"><span class='ocrx_word' id='word_1_350' title='bbox 127 2977 346 3036; x_wconf 68' lang='grc' dir='ltr'>συνθήκηνῗ</span> <span class='ocrx_word' id='word_1_351' title='bbox 363 2979 414 3005; x_wconf 83' lang='lat'><strong>¹⁰²</strong></span> <span class='ocrx_word' id='word_1_352' title='bbox 444 2978 504 3021; x_wconf 88' lang='lat' dir='ltr'><strong>Et</strong></span> <span class='ocrx_word' id='word_1_353' title='bbox 523 2976 781 3035; x_wconf 85' lang='lat' dir='ltr'><strong>respondent</strong></span> <span class='ocrx_word' id='word_1_354' title='bbox 810 2976 886 3019; x_wconf 85' lang='lat' dir='ltr'><strong>iis:</strong></span> <span class='ocrx_word' id='word_1_355' title='bbox 918 2974 1031 3028; x_wconf 85' lang='lat' dir='ltr'><strong>Quia</strong></span> <span class='ocrx_word' id='word_1_356' title='bbox 1051 2989 1175 3018; x_wconf 88' lang='lat' dir='ltr'><strong>omne</strong></span> <span class='ocrx_word' id='word_1_357' title='bbox 1207 2974 1452 3031; x_wconf 83' lang='lat' dir='ltr'><strong>significans</strong></span> <span class='ocrx_word' id='word_1_358' title='bbox 1473 2989 1581 3017; x_wconf 87' lang='lat' dir='ltr'><strong>voce</strong></span> <span class='ocrx_word' id='word_1_359' title='bbox 1600 2972 1910 3031; x_wconf 82' lang='lat' dir='ltr'><strong>pronuntiatur,</strong></span> 
     </span>
     <span class='ocr_line' id='line_1_34' title="bbox 127 3049 1911 3118; baseline -0.006 -12"><span class='ocrx_word' id='word_1_360' title='bbox 127 3069 170 3106; x_wconf 83' lang='lat' dir='ltr'><strong>et</strong></span> <span class='ocrx_word' id='word_1_361' title='bbox 198 3077 344 3117; x_wconf 86' lang='lat' dir='ltr'><strong>omne,</strong></span> <span class='ocrx_word' id='word_1_362' title='bbox 375 3060 489 3118; x_wconf 88' lang='lat' dir='ltr'><strong>quod</strong></span> <span class='ocrx_word' id='word_1_363' title='bbox 519 3059 827 3117; x_wconf 81' lang='lat' dir='ltr'><strong>pronuntiatur,</strong></span> <span class='ocrx_word' id='word_1_364' title='bbox 860 3057 1079 3112; x_wconf 88' lang='lat' dir='ltr'><strong>scribitur,</strong></span> <span class='ocrx_word' id='word_1_365' title='bbox 1111 3071 1236 3100; x_wconf 87' lang='lat' dir='ltr'><strong>omne</strong></span> <span class='ocrx_word' id='word_1_366' title='bbox 1267 3063 1408 3099; x_wconf 84' lang='lat' dir='ltr'><strong>autem</strong></span> <span class='ocrx_word' id='word_1_367' title='bbox 1440 3055 1555 3113; x_wconf 91' lang='lat' dir='ltr'><strong>quod</strong></span> <span class='ocrx_word' id='word_1_368' title='bbox 1586 3055 1782 3098; x_wconf 85' lang='lat' dir='ltr'><strong>scribitur</strong></span> <span class='ocrx_word' id='word_1_369' title='bbox 1809 3049 1911 3096; x_wconf 77' lang='grc' dir='ltr'><strong>κατοὶ</strong></span> 
     </span>
     <span class='ocr_line' id='line_1_35' title="bbox 126 3137 1911 3201; baseline -0.005 -14"><span class='ocrx_word' id='word_1_370' title='bbox 126 3141 316 3201; x_wconf 63' lang='grc' dir='ltr'>συνθήκην</span> <span class='ocrx_word' id='word_1_371' title='bbox 347 3149 429 3187; x_wconf 83' lang='lat' dir='ltr'><strong>est:</strong></span> <span class='ocrx_word' id='word_1_372' title='bbox 471 3140 724 3200; x_wconf 81' lang='lat' dir='ltr'><strong>[propterea]</strong></span> <span class='ocrx_word' id='word_1_373' title='bbox 770 3156 820 3183; x_wconf 83' lang='lat' dir='ltr'><strong>eo</strong></span> <span class='ocrx_word' id='word_1_374' title='bbox 859 3139 974 3198; x_wconf 86' lang='lat' dir='ltr'><strong>quod</strong></span> <span class='ocrx_word' id='word_1_375' title='bbox 1021 3138 1331 3197; x_wconf 78' lang='lat' dir='ltr'><strong>significantem</strong></span> <span class='ocrx_word' id='word_1_376' title='bbox 1377 3137 1487 3180; x_wconf 87' lang='lat' dir='ltr'><strong>dixit</strong></span> <span class='ocrx_word' id='word_1_377' title='bbox 1532 3137 1765 3181; x_wconf 87' lang='lat' dir='ltr'><strong>orationem</strong></span> <span class='ocrx_word' id='word_1_378' title='bbox 1812 3150 1911 3178; x_wconf 85' lang='lat' dir='ltr'><strong>con-</strong></span> 
     </span>
     <span class='ocr_line' id='line_1_36' title="bbox 126 3215 1911 3279; baseline -0.007 -7"><span class='ocrx_word' id='word_1_379' title='bbox 126 3226 283 3272; x_wconf 68' lang='lat' dir='ltr'><strong>tinetur</strong></span> <span class='ocrx_word' id='word_1_380' title='bbox 319 3225 448 3270; x_wconf 84' lang='lat' dir='ltr'><strong>etiam</strong></span> <span class='ocrx_word' id='word_1_381' title='bbox 484 3223 589 3268; x_wconf 89' lang='lat' dir='ltr'><strong>illud</strong></span> <span class='ocrx_word' id='word_1_382' title='bbox 626 3219 727 3266; x_wconf 73' lang='grc' dir='ltr'><strong>και-οἶ</strong></span> <span class='ocrx_word' id='word_1_383' title='bbox 756 3219 970 3279; x_wconf 64' lang='grc' dir='ltr'>συνθήκην.</span> <span class='ocrx_word' id='word_1_384' title='bbox 1011 3246 1067 3252; x_wconf 93' lang='lat'><strong>—-</strong></span> <span class='ocrx_word' id='word_1_385' title='bbox 1106 3219 1192 3265; x_wconf 86' lang='lat' dir='ltr'><strong>Sed</strong></span> <span class='ocrx_word' id='word_1_386' title='bbox 1232 3219 1511 3278; x_wconf 82' lang='lat' dir='ltr'><strong>respondetur</strong></span> <span class='ocrx_word' id='word_1_387' title='bbox 1548 3219 1622 3262; x_wconf 85' lang='lat' dir='ltr'><strong>iis:</strong></span> <span class='ocrx_word' id='word_1_388' title='bbox 1669 3215 1911 3262; x_wconf 83' lang='lat' dir='ltr'><strong>Secundum</strong></span> 
     </span>
     <span class='ocr_line' id='line_1_37' title="bbox 24 3297 1909 3364; baseline -0.006 -11"><span class='ocrx_word' id='word_1_389' title='bbox 24 3338 29 3343; x_wconf 89' lang='lat'>-</span> <span class='ocrx_word' id='word_1_390' title='bbox 70 3325 112 3353; x_wconf 66' lang='lat'><strong>25</strong></span> <span class='ocrx_word' id='word_1_391' title='bbox 127 3307 237 3353; x_wconf 70' lang='lat' dir='ltr'><strong>hanc</strong></span> <span class='ocrx_word' id='word_1_392' title='bbox 277 3306 528 3350; x_wconf 83' lang='lat' dir='ltr'><strong>sententiam</strong></span> <span class='ocrx_word' id='word_1_393' title='bbox 567 3310 811 3364; x_wconf 79' lang='lat' dir='ltr'><strong>oportuerat</strong></span> <span class='ocrx_word' id='word_1_394' title='bbox 838 3319 946 3348; x_wconf 51' lang='lat' dir='ltr'><strong>¹eum</strong></span> <span class='ocrx_word' id='word_1_395' title='bbox 983 3304 1111 3348; x_wconf 86' lang='lat' dir='ltr'><strong>etiam</strong></span> <span class='ocrx_word' id='word_1_396' title='bbox 1140 3302 1194 3346; x_wconf 87' lang='lat' dir='ltr'><strong>de</strong></span> <span class='ocrx_word' id='word_1_397' title='bbox 1221 3301 1228 3359; x_wconf 87' lang='grc' dir='ltr'>Ι</span> <span class='ocrx_word' id='word_1_398' title='bbox 1252 3301 1423 3345; x_wconf 84' lang='lat' dir='ltr'><strong>nomine</strong></span> <span class='ocrx_word' id='word_1_399' title='bbox 1454 3307 1498 3344; x_wconf 83' lang='lat' dir='ltr'><strong>et</strong></span> <span class='ocrx_word' id='word_1_400' title='bbox 1516 3301 1680 3352; x_wconf 62' lang='lat' dir='ltr'><strong>verbo,</strong></span> <span class='ocrx_word' id='word_1_401' title='bbox 1723 3315 1819 3343; x_wconf 87' lang='lat' dir='ltr'><strong>cum</strong></span> <span class='ocrx_word' id='word_1_402' title='bbox 1849 3297 1909 3342; x_wconf 87' lang='lat' dir='ltr'><strong>di-</strong></span> 
     </span>
     <span class='ocr_line' id='line_1_38' title="bbox 122 3379 1911 3447; baseline -0.007 -9.671"><span class='ocrx_word' id='word_1_403' title='bbox 122 3396 244 3437; x_wconf 69' lang='lat' dir='ltr'><strong>nei-et</strong></span> <span class='ocrx_word' id='word_1_404' title='bbox 269 3388 564 3447; x_wconf 72' lang='lat' dir='ltr'><strong>.,signifioans‘,</strong></span> <span class='ocrx_word' id='word_1_405' title='bbox 603 3402 691 3432; x_wconf 76' lang='lat' dir='ltr'><strong>non</strong></span> <span class='ocrx_word' id='word_1_406' title='bbox 726 3387 869 3432; x_wconf 78' lang='lat' dir='ltr'><strong>dicere</strong></span> <span class='ocrx_word' id='word_1_407' title='bbox 901 3382 1008 3430; x_wconf 63' lang='grc' dir='ltr'><strong><em>κατεῖ</em></strong></span> <span class='ocrx_word' id='word_1_408' title='bbox 1045 3382 1247 3441; x_wconf 65' lang='grc' dir='ltr'>συνθήκην.</span> <span class='ocrx_word' id='word_1_409' title='bbox 1300 3383 1367 3426; x_wconf 77' lang='lat' dir='ltr'><strong>At</strong></span> <span class='ocrx_word' id='word_1_410' title='bbox 1395 3397 1483 3426; x_wconf 83' lang='lat' dir='ltr'><strong>non</strong></span> <span class='ocrx_word' id='word_1_411' title='bbox 1513 3397 1638 3427; x_wconf 81' lang='lat' dir='ltr'><strong>omne</strong></span> <span class='ocrx_word' id='word_1_412' title='bbox 1668 3379 1911 3440; x_wconf 76' lang='lat' dir='ltr'><strong>significans</strong></span> 
     </span>
     <span class='ocr_line' id='line_1_39' title="bbox 23 3462 1912 3543; baseline -0.006 -27"><span class='ocrx_word' id='word_1_413' title='bbox 23 3508 48 3543; x_wconf 37' lang='grc' dir='ltr'><strong>Δ</strong></span> <span class='ocrx_word' id='word_1_414' title='bbox 127 3467 230 3521; x_wconf 58' lang='grc' dir='ltr'><strong>καὶ</strong></span> <span class='ocrx_word' id='word_1_415' title='bbox 249 3466 439 3527; x_wconf 59' lang='grc' dir='ltr'>συνθύων</span> <span class='ocrx_word' id='word_1_416' title='bbox 459 3467 570 3531; x_wconf 65' lang='lat' dir='ltr'><strong>[estL</strong></span> <span class='ocrx_word' id='word_1_417' title='bbox 600 3473 647 3516; x_wconf 79' lang='lat' dir='ltr'><strong>ut</strong></span> <span class='ocrx_word' id='word_1_418' title='bbox 675 3468 879 3516; x_wconf 74' lang='lat' dir='ltr'><strong>indicavit</strong></span> <span class='ocrx_word' id='word_1_419' title='bbox 908 3467 1038 3512; x_wconf 74' lang='lat' dir='ltr'><strong>etiam</strong></span> <span class='ocrx_word' id='word_1_420' title='bbox 1058 3467 1151 3525; x_wconf 84' lang='lat' dir='ltr'><strong>ipse</strong></span> <span class='ocrx_word' id='word_1_421' title='bbox 1171 3480 1309 3525; x_wconf 79' lang='lat' dir='ltr'><strong>supra.</strong></span> <span class='ocrx_word' id='word_1_422' title='bbox 1349 3464 1473 3508; x_wconf 87' lang='lat' dir='ltr'><strong>Dixit</strong></span> <span class='ocrx_word' id='word_1_423' title='bbox 1493 3463 1628 3508; x_wconf 83' lang='lat' dir='ltr'><strong>enim:</strong></span> <span class='ocrx_word' id='word_1_424' title='bbox 1657 3462 1912 3530; x_wconf 68' lang='lat' dir='ltr'><strong>Siguificant</strong></span> 
     </span>
    </p>
   </div>
   <div class='ocr_carea' id='block_1_7' title="bbox 0 3508 302 3762">
    <p class='ocr_par' dir='ltr' id='par_1_10' title="bbox 0 3508 302 3762">
     <span class='ocr_line' id='line_1_40' title="bbox 0 3508 302 3762; baseline 0 0"><span class='ocrx_word' id='word_1_425' title='bbox 0 3508 302 3762; x_wconf 95' lang='lat' dir='ltr'><strong>  </strong></span> 
     </span>
    </p>
   </div>
   <div class='ocr_carea' id='block_1_8' title="bbox 1931 1581 2038 1607">
    <p class='ocr_par' dir='ltr' id='par_1_11' title="bbox 1931 1581 2038 1607">
     <span class='ocr_line' id='line_1_41' title="bbox 1931 1581 2038 1607; baseline -0.009 0"><span class='ocrx_word' id='word_1_426' title='bbox 1931 1581 1991 1607; x_wconf 67' lang='lat' dir='ltr'><strong>leb</strong></span> <span class='ocrx_word' id='word_1_427' title='bbox 2004 1581 2038 1606; x_wconf 76' lang='lat'><strong>24</strong></span> 
     </span>
    </p>
   </div>
   <div class='ocr_carea' id='block_1_9' title="bbox 1934 1993 2039 2020">
    <p class='ocr_par' dir='ltr' id='par_1_12' title="bbox 1934 1993 2039 2020">
     <span class='ocr_line' id='line_1_42' title="bbox 1934 1993 2039 2020; baseline 0 -2"><span class='ocrx_word' id='word_1_428' title='bbox 1934 1993 1991 2020; x_wconf 66' lang='lat' dir='ltr'><strong>iob</strong></span> <span class='ocrx_word' id='word_1_429' title='bbox 2007 1993 2039 2018; x_wconf 74' lang='grc'><strong>26</strong></span> 
     </span>
    </p>
   </div>
  </div>
 </body>
</html>
