2274 3762
0 2895 18 2935 ’ὂῖ

0 2938 12 2964 ι)

0 2974 18 3005 Η

935 315 1091 350 21—23
1449 307 1457 313 ”
1838 312 1920 355 117

118 435 268 490 φωνῶν,
285 470 290 474 .
306 434 373 492 τῆς
411 430 510 478 κατοῖ
551 430 596 477 τὸ
635 430 888 491 κατηγορικὸν
918 433 1014 487 εἶδος
1043 433 1112 477 τοῦ
1142 431 1408 490 οἷποφαντικοῧ
1437 429 1554 489 λόγου
1583 431 1787 490 γινομένης·
1825 430 1923 487 λέγω

117 519 159 563 δὲ
198 516 244 562 τὸ
283 515 458 575 πρώτης,
498 513 594 561 διότι
635 514 699 560 καὶ
738 513 825 570 τούς
864 504 1143 575 συλλογισμους
1183 514 1206 575 ἡ
1245 514 1424 570 σύνθεσις
1455 516 1527 561 τῶν
1559 512 1690 560 οἶπλῶν
1722 511 1923 571 ἐργάζεται

118 602 272 657 φωνῶν,
312 597 355 644 οὗ
388 600 512 658 μέντοι
550 595 574 656 ἡ
615 596 774 656 πρώτη,
817 595 908 644 ἄλλ’
941 596 964 657 ἡ
995 597 1059 644 διοέ
1091 601 1156 659 τῆς
1187 601 1409 659 συμπλοκῆς
1439 599 1511 643 τῶν
1541 595 1643 643 κατοῖ
1673 593 1740 655 τὴν
1770 594 1923 654 πρώτην

118 681 294 729 σύνθεσιν
343 680 542 740 γεγονότων
592 680 711 740 λόγων
764 680 1068 742 οἷποτελουμένη·
1121 679 1179 728 διδ
1227 680 1312 737 τούς
1359 679 1485 727 οἱπλο
1498 684 1521 725 ii
1529 702 1544 736 ς
1590 678 1745 734 τούτους
1790 678 1923 737 λόγους

121 755 337 831 (Q
382 761 651 826 κῖἏνίῧο)
690 763 792 811 κατοῖ
834 767 897 825 μὲν
935 766 1043 824 τήνδε
1082 763 1148 825 τὴν
1188 767 1450 825 πραγματείαν
1492 762 1628 819 αὐτους
1658 760 1754 810 καθ’
1789 760 1923 817 miz-0239

118 850 285 906 θεωρῶν,
318 846 363 903 ὡς
393 846 701 904 οἷποφοίνσεις
722 848 830 909 μόνον
852 850 1116 906 ἐπισκέψεται,
1147 848 1212 894 καὶ
1244 847 1321 907 οὐχ
1344 847 1389 903 ὥς
1411 847 1703 906 προτάσεις·
1727 850 1760 892 ἐν
1783 848 1824 891 δὲ
1846 852 1923 901 τοῖς

119 930 354 986 ἀναλυτικοῖς
401 929 447 987 ὥς
491 933 586 991 με’ρη
634 934 704 977 τῶν
746 933 1011 991 συλλογισμῶν
1052 931 1365 991 παραλαμβάνων
1406 927 1487 992 ἅμα
1523 930 1588 976 καὶ
1627 928 1673 985 ὡς
1715 929 1922 985 προτάσεις

117 1013 267 1069 εἰκότως
307 1013 462 1073 ἀξιώσει
501 1022 666 1061 σκοπεῖν.
727 1018 853 1062 Adde
891 1018 1100 1076 imprimis
1133 1018 1377 1076 sequentia,
1418 1032 1528 1076 quae
1567 1016 1629 1060 Br
1660 1015 1822 1071 omisit,
1862 1015 1923 1058 fol

118 1100 171 1143 ὅθ
195 1115 294 1159 sup:
334 1096 514 1146 Αὔτόθε»
544 1100 585 1144 δὲ
625 1097 710 1159 ἡμῖν
748 1102 788 1144 ἐκ
827 1102 898 1145 τῶν
936 1102 1129 1160 εἰρημένων
1167 1099 1232 1145 καὶ
1270 1097 1293 1158 ἡ
1335 1098 1440 1158 τάξις
1482 1096 1727 1155 ἀναφαίνεται
1757 1097 1827 1141 τοῦ
1857 1103 1921 1151 βι-

119 1182 254 1234 βλίου·
294 1183 327 1226 εἰ
362 1180 435 1240 γοῖρ
476 1184 593 1242 μέσην
633 1182 768 1240 ἔχουσι
806 1176 912 1242 τᾶξιν
952 1186 985 1228 οἵ
1017 1180 1174 1229 οἷπλοῖ
1196 1182 1324 1241 λόγοι,
1363 1185 1434 1227 τῶν
1465 1203 1505 1227 τε
1537 1180 1668 1228 οἷπλῶν
1701 1182 1828 1238 φωνῶν
1858 1179 1922 1225 καὶ

120 1264 191 1308 τῶν
233 1267 519 1324 συλλογισμῶν,
559 1265 826 1322 παραδιδόασι
866 1267 906 1311 δὲ
945 1264 1011 1325 τὴν
1049 1267 1113 1326 μὲν
1145 1266 1231 1324 περὶ
1261 1267 1334 1311 τῶν
1366 1264 1497 1311 ἁπλῶν
1530 1266 1658 1322 φωνῶν
1689 1265 1853 1322 θεωρίαν
1884 1266 1923 1308 αἱ

121 1349 368 1406 κατηγορίαι,
408 1350 480 1393 τῶν
512 1350 553 1393 δὲ
584 1349 670 1406 περὶ
700 1352 774 1395 τῶν
805 1348 938 1397 οἷπλῶν
968 1350 1089 1408 λόγων
1119 1348 1165 1395 τὸ
1197 1351 1431 1409 προκείμενον
1463 1350 1629 1405 βιβλίον,
1665 1348 1734 1392 τῶν
1766 1348 1806 1392 δὲ
1837 1345 1923 1404 περὶ

122 1432 192 1476 τῶν
231 1433 495 1491 συλλογισμῶν
533 1429 583 1476 τοὶ
616 1430 844 1487 οἷναλυτικοῖ,
887 1435 999 1493 δῆλον
1029 1442 1113 1480 κτλ.
1175 1436 1408 1479 Desideras
1438 1435 1570 1494 igitur
1600 1435 1736 1479 solum
1767 1439 1815 1477 ut
1843 1448 1922 1492 pro

121 1515 406 1574 συλλογισμῶν,
438 1512 557 1572 λόγων
590 1518 928 1575 συμπεπλεγμένων
959 1518 1120 1562 dictum
1151 1519 1292 1563 fuerit.
1354 1518 1528 1562 Etenim
1560 1517 1815 1576 compositas
1845 1516 1923 1560 has

122 1599 335 1644 orationes
375 1599 428 1643 ad
469 1600 702 1644 stoicorum
743 1602 1057 1646 enuntiationes
1099 1603 1356 1661 compositas
1389 1602 1558 1652 referri,
1599 1617 1657 1644 sc.
1720 1596 1922 1657 οἷξιώμοιτα

123 1682 436 1740 συμπεπλεγμένα
477 1683 646 1737 (Prantl
685 1685 708 1727 Ι
718 1718 728 1739 ,
770 1685 834 1728 VI
874 1702 911 1729 a.
947 1686 1066 1744 122.)
1107 1703 1203 1730 cum
1244 1685 1487 1743 exemplum
1526 1691 1644 1728 vetat
1682 1691 1771 1728 tum
1812 1690 1922 1727 cete-

122 1782 266 1810 rarum
313 1765 604 1810 doctrinarum
652 1768 883 1813 stoicarum
923 1771 1012 1814 fere
1053 1770 1165 1828 apud
1203 1776 1394 1812 nostrum
1436 1769 1640 1812 absentia.
1705 1767 1770 1812 Cf.
1815 1782 1924 1825 quae

122 1848 226 1893 dicit
265 1848 319 1892 ad
351 1865 442 1907 cap.
474 1850 514 1892 V
554 1850 599 1893 in
637 1851 895 1909 protheoria.
957 1853 1226 1897 Divisionem
1258 1859 1391 1896 totam
1423 1852 1567 1895 tabula
1597 1851 1799 1895 declarat.
1830 1850 1924 1902 Afia

121 1933 256 1977 rabba
289 1932 539 1976 divisionem
571 1939 736 1977 tantum
767 1934 1069 1992 hypotheticae
1102 1942 1144 1979 et
1176 1936 1444 1993 categoricae
1477 1934 1679 1978 orationis
1700 1950 1780 1978 nec
1801 1935 1924 1992 plura

122 2016 310 2075 praebet.

239 2111 309 2154 21.
353 2110 422 2154 De
461 2110 643 2154 utilitate
682 2119 1038 2157 commentatores
1072 2112 1171 2158 Grr.
1211 2129 1297 2157 non
1337 2114 1566 2172 disputant.
1627 2112 1747 2156 Dicit
1776 2112 1920 2157 Amm.

123 2209 190 2253 ap.
232 2193 293 2238 Br
331 2194 413 2237 96⁸
436 2195 477 2248 2,
518 2194 796 2252 supersedere
838 2211 883 2239 se
921 2197 1003 2240 hac
1042 2196 1326 2256 disputatione
1365 2204 1538 2255 propter
1569 2196 1658 2240 eius
1690 2195 1921 2254 perspicui-

122 2283 266 2321 tatem.
328 2276 572 2321 Tritissima
605 2284 792 2322 ceterum
826 2279 969 2337 opinio
1002 2286 1087 2335 est,
1128 2287 1226 2324 ante
1259 2281 1530 2324 orationes
1563 2281 1776 2339 simplices
1808 2280 1922 2339 (pro-

122 2359 396 2419 positiones),
428 2361 481 2404 de
513 2361 667 2419 quibus
697 2361 767 2405 hic
799 2361 881 2405 loci
914 2363 1068 2420 agitur,
1103 2364 1420 2421 cognoscendas
1453 2379 1545 2410 esse
1576 2379 1735 2407 voces
1767 2364 1920 2422 simpl.,

122 2443 269 2502 quales
317 2443 362 2487 in
410 2443 639 2502 categoriis
685 2450 935 2489 tractantur.
1002 2446 1172 2490 Deinde
1213 2446 1383 2491 demum
1424 2447 1476 2491 ad
1517 2448 1787 2506 syllogismos
1828 2463 1921 2491 esse

120 2526 448 2585 procedendum.
1056 2505 1068 2515 ⁶

237 2622 309 2666 22.
357 2621 401 2681 a)
447 2621 487 2665 E
536 2623 817 2667 collocatione
862 2624 992 2668 trium
1038 2624 1242 2668 librorum
1289 2632 1588 2683 argumentum
1626 2625 1798 2684 petiisse
1835 2626 1919 2669 iam

120 2691 367 2750 Alexander
386 2705 555 2750 videtur
575 2722 643 2765 ap.
665 2706 819 2751 Boeth.
840 2708 948 2751 293:
980 2707 1263 2766 (Alexander)
1295 2709 1428 2764 ,addit
1454 2725 1623 2767 quoque
1653 2709 1764 2753 hanc
1795 2726 1919 2754 caus-

121 2803 233 2843 sam,
281 2788 484 2846 quoniam
528 2788 785 2833 Aristoteles
836 2790 1007 2849 quidem
1059 2791 1112 2834 de
1158 2791 1416 2850 syllogismis
1462 2793 1648 2836 scribere
1693 2792 1918 2846 animatus,

120 2886 338 2930 nunquam
384 2870 430 2914 id
477 2877 595 2915 recte
641 2872 784 2916 facere
821 2873 1051 2931 potuisset,
1098 2873 1179 2918 nisi
1218 2871 1428 2932 quaedam
1469 2874 1520 2917 de
1559 2874 1918 2933 propositionibus

120 2954 363 3000 adnotaret‘
396 2970 490 3013 sqq.
523 2953 588 2998 Of.
622 2953 685 2998 Br
715 2955 801 2998 94¹>
821 2956 921 3014 3sq.
955 2956 1008 2999 cl.
1045 2956 1111 2999 13.
1154 2956 1470 3014 Argumentum
1501 2973 1555 3001 ex
1587 2958 1733 3001 habitu
1755 2973 1917 3001 sermo-

119 3038 188 3083 nis
216 3033 462 3094 (χαρακτήρ)
503 3037 634 3080 habet
663 3036 817 3080 Boeth.
849 3039 936 3082 213
969 3039 1022 3082 ab
1054 3038 1301 3083 Alexandro
1332 3041 1581 3097 profectum.
1648 3038 1711 3084 Of.
1744 3041 1805 3083 Br
1836 3041 1918 3083 37⁸

19 3086 38 3174 ⁴·
120 3120 191 3165 21.
228 3125 473 3170 eei-220,
506 3118 687 3204 0&qu
729 3139 783 3158 =
814 3120 982 3164 ποικιλία
1013 3121 1084 3163 τῶν
1107 3117 1298 3178 νοημάτων
1328 3136 1370 3179 Ρ.
1402 3122 1474 3176 67,
1510 3124 1563 3166 13
1594 3148 1652 3154 ——
1683 3122 1731 3180 b)
1775 3122 1917 3180 Ipsius

119 3218 247 3262 porro
278 3215 451 3246 caussas
471 3207 515 3245 et
533 3201 594 3245 ita
614 3201 786 3260 quidem
808 3209 1026 3248 enarratas
1047 3203 1160 3262 apud
1179 3204 1392 3247 neminem
1424 3204 1649 3263 investigo.
1702 3204 1917 3262 Prompsit

2 3291 3 3295 ’
40 3294 49 3355 '¹
119 3284 252 3344 igitur
289 3283 461 3328 aliunde
497 3290 655 3329 noster.
706 3284 930 3330 Postrema
968 3301 1119 3330 caussa
1158 3285 1189 3343 (,
1200 3285 1314 3343 quod
1353 3286 1553 3330 convenit
1591 3302 1798 3345 personae
1808 3287 1839 3342 ‘)
1872 3287 1915 3330 in
1986 3296 1990 3301 '

121 3359 491 3426 argumentatione
520 3365 664 3410 utitur.

2 3467 3 3470 ¹
141 3447 161 3530 '-
237 3460 308 3504 23.
345 3459 416 3503 De
454 3458 603 3504 ordine
639 3461 692 3504 οι
730 3460 828 3505 adn.
867 3455 926 3505 2'0
957 3461 1027 3504 fin.
1061 3460 1191 3519 Apud
1221 3461 1329 3504 alios
1358 3461 1477 3504 nihil.
