2274 3762
935 438 1026 495 VI.

793 579 888 642 DE
920 577 1158 642 PROBO.

198 710 225 762 ξ
257 709 295 750 1.
341 706 410 748 De
440 704 584 749 Probo
616 705 786 748 tametsi
818 710 934 749 certa
965 707 1240 747 monumenta
1270 700 1358 744 fere
1388 699 1505 743 nulla
1536 702 1726 752 exstant,
1767 711 1876 754 quae

84 790 316 834 secundum
348 804 398 833 ea
430 787 613 832 dicenda
644 794 784 843 erant,
818 786 1156 846 praetermittere
1186 791 1329 828 tamen
1359 782 1584 826 noluimus.

199 875 250 916 A.
277 867 520 929 ‘Aedjesha‘
571 872 650 915 bar
685 872 840 926 briXa¹
879 870 1012 914 Probi
1051 869 1185 912 solam
1219 865 1478 910 mentionem
1510 864 1610 907 fecit
1640 863 1705 907 his
1736 863 1878 907 verbis

688 958 914 1007 &niem
949 971 1142 1003 mmo
1176 961 1345 999 «emm

807 1037 1031 1098 ves-imm&
1067 1054 1241 1115 κ-αᾳ..
1277 1061 1346 1115 ρο

682 1268 692 1278 .
714 1224 949 1298 εὑρήκει
983 1224 1346 1277 ωᾶιωεὸκιπο

201 1322 351 1380 Itaque
385 1304 426 1364 ¹si
466 1320 649 1376 catalogi
689 1319 871 1377 scriptor
908 1318 952 1360 in
991 1316 1290 1360 enumerandis
1328 1316 1604 1374 scriptoribus
1640 1321 1879 1373 temporum

92 1404 297 1460 ordinem,
328 1411 376 1448 ut
406 1404 486 1448 sibi
517 1406 847 1461 proposuerat2,
881 1407 1079 1445 constans
1110 1406 1322 1443 servasset
1353 1399 1442 1442 sive
1473 1413 1641 1442 servare
1662 1397 1880 1456 potuisset,

91 1503 145 1531 ex
186 1503 234 1531 eo
265 1487 359 1531 loco
392 1486 591 1531 continuo
626 1491 737 1529 esset
759 1482 1112 1537 concludendum,
1144 1482 1319 1537 Hissam,
1349 1481 1499 1537 Kami,
1530 1481 1719 1525 Probum
1749 1480 1879 1524 fuisse

91 1571 302 1629 aequales,
335 1576 475 1628 atque,
509 1575 556 1612 ut
587 1574 687 1612 nota
719 1573 783 1610 est
803 1567 943 1619 Hffeae
971 1572 1100 1617 aetas,
1129 1565 1267 1608 medio
1298 1580 1370 1608 eos
1393 1566 1560 1609 saeculo
1583 1565 1728 1623 quinto
1750 1563 1880 1607 fuisse

91 1659 312 1698 constaret.
372 1652 452 1708 At,
493 1658 541 1695 ut
576 1653 660 1694 iam
692 1649 971 1693 Assemanius
1010 1649 1054 1691 in
1093 1649 1384 1706 praefatione³
1421 1649 1606 1702 monuit,
1635 1641 1877 1704 ‘Acdjesha‘

91 1736 435 1794 chronologicum
492 1734 683 1777 ordinem
730 1733 988 1790 neglegebat
1034 1746 1351 1790 saepenumero.
1428 1731 1690 1789 Aphraatem
1737 1730 1880 1788 igitur,

92 1819 181 1863 sive
211 1819 377 1863 Parha&
393 1823 429 1873 4,
469 1832 596 1876 quem
636 1816 816 1860 eundem
856 1830 948 1859 esse
987 1815 1156 1858 Jacobo
1195 1815 1402 1858 Nisibeno
1441 1814 1600 1858 dudum
1638 1812 1880 1872 Lagardius

92 1902 327 1961 suspicatus
358 1908 423 1944 est
439 1905 473 1955 ⁵,
508 1899 666 1957 quique
687 1899 768 1942 fuit
789 1898 902 1941 circa
924 1914 959 1941 a.
981 1899 1081 1952 320,
1104 1904 1200 1955 post
1220 1897 1396 1950 Marassa
1410 1901 1428 1926 ⁶
1455 1897 1499 1956 (†
1520 1895 1626 1954 552)
1649 1903 1691 1940 et
1707 1892 1881 1940 ‘Hnsns

85 1981 348 2042 ‘hadjsesjffl
386 1982 613 2027 collocavit
642 1988 685 2024 et
714 1981 830 2024 Mari
857 1980 1047 2035 Persam,
1078 1981 1219 2034 Htfiae
1249 1981 1482 2038 aequalem,
1514 1979 1689 2038 triginta
1719 1986 1882 2038 septem

92 2068 261 2111 demum
299 2067 544 2111 interiectos
575 2065 681 2109 alios
720 2068 998 2123 sequentem⁸
1034 2063 1149 2107 fecit.
1210 2063 1354 2121 Atque
1386 2063 1556 2106 omnino
1587 2078 1789 2122 persaepe
1820 2063 1881 2106 vi-

93 2151 214 2194 detur
253 2149 304 2194 de
336 2150 589 2207 scriptorum
619 2154 757 2191 aetate
788 2163 875 2191 non
906 2147 1012 2219 satis·
1037 2146 1187 2189 doctus
1220 2146 1363 2189 fuisse.
1426 2145 1695 2190 Coniunctim
1725 2152 1881 2200 autem,

91 2240 138 2277 ut
167 2234 249 2276 hoc
278 2233 387 2288 loco,
420 2247 547 2289 quem
578 2230 854 2289 disputationi
884 2236 1054 2273 nostrae
1086 2228 1356 2282 subiecimus,
1390 2230 1627 2287 complures
1651 2228 1878 2288 scriptores

93 2316 220 2360 etiam
251 2314 598 2359 commemoravit
630 2329 722 2371 cap.
754 2315 810 2356 46
842 2329 883 2371 p.
915 2313 985 2366 49,
1018 2312 1091 2356 ubi
1123 2312 1175 2355 de
1205 2312 1398 2356 Palladio
1421 2311 1576 2356 Galata
1608 2313 1713 2370 (388
1744 2338 1801 2343 -
1832 2328 1882 2355 ca

92 2398 198 2456 400)
229 2405 272 2442 et
299 2398 565 2454 Hieronymo
598 2396 643 2454 (†
673 2397 760 2439 420
790 2411 925 2440 annos
955 2402 1080 2439 natus
1113 2394 1202 2452 91),
1234 2395 1482 2453 aequalibus
1514 2395 1684 2453 quidem
1717 2396 1791 2450 eis,
1823 2395 1884 2439 ita

94 2481 216 2537 dicit,
247 2487 295 2526 ut
324 2481 537 2540 adpareat,
569 2485 741 2538 propter
771 2479 951 2533 ,librum
981 2477 1188 2537 paradisi‘
1220 2479 1388 2535 qualem
1419 2458 1597 2536 uterque
1629 2477 1881 2537 composuit,

96 2565 223 2609 etiam
260 2564 512 2623 scriptorum
548 2562 809 2606 mentionem
849 2562 904 2605 ab
942 2576 992 2605 eo
1033 2561 1320 2605 consociatam
1362 2576 1468 2604 esse.
1527 2561 1691 2605 Eadem
1734 2577 1883 2605 caussa

10 2695 14 2699 ,
96 2647 262 2692 videtur
292 2646 496 2690 adductus
518 2661 611 2693 esse
640 2647 735 2688 loco
767 2645 896 2690 dubio
929 2660 1021 2703 cap.
1054 2646 1111 2690 35
1142 2661 1184 2703 p.
1214 2645 1286 2688 43.

214 2729 498 2788 Consequitur
517 2729 649 2787 igitur
670 2745 722 2772 ex
742 2729 804 2772 eis
826 2743 935 2786 quae
956 2728 1154 2781 diximus,
1186 2729 1268 2772 nisi
1289 2728 1382 2773 aliis
1402 2728 1588 2772 nitamur
1607 2729 1882 2786 argumentis,

15 2822 17 2825 ’
98 2813 285 2858 eiusdem
332 2812 536 2871 temporis
574 2812 705 2856 fuisse
744 2812 840 2855 illos
880 2812 1130 2871 scriptores,
1176 2827 1264 2856 non
1303 2812 1458 2855 debere
1495 2827 1573 2854 nos
1621 2811 1884 2856 concludere.

26 2902 42 2938 ’.
97 2896 185 2942 Sed
218 2896 322 2941 illud
355 2895 494 2955 potius
531 2895 613 2939 hoc
639 2897 736 2939 loco
766 2894 936 2939 videtur
965 2895 1151 2939 voluisse
1181 2889 1438 2952 ‘Assdjeshfi‘,
1467 2900 1514 2937 ut
1542 2900 1711 2952 patrum
1740 2893 1884 2953 Syria-

22 2971 45 3049 ⁸¹
101 2995 247 3026 corum
275 2978 502 3024 memorias
533 2978 814 3036 coniungeret
844 2993 1012 3033 eorum,
1045 2978 1118 3036 qui
1149 2984 1192 3021 et
1222 2976 1436 3020 Theodori
1465 2975 1785 3034 Mopsuhesteni
1816 2976 1886 3019 τοῦ

24 3067 55 3135 {¹⁴
101 3060 285 3120 ἔξηγητου
327 3069 371 3107 et
413 3062 661 3113 Aristotelis
704 3061 864 3119 scripta
913 3061 1039 3104 simul
1086 3060 1321 3104 vertissent.
1402 3057 1506 3102 Sine
1551 3059 1783 3103 Aristotele
1830 3076 1884 3104 ne

95 3144 375 3191 Theodorum
411 3144 585 3203 quidem
613 3158 787 3188 versum
817 3159 924 3196 esse,
955 3143 1002 3187 id
1031 3149 1119 3196 est,
1158 3142 1214 3186 ad
1244 3141 1358 3200 quod
1388 3141 1525 3199 primo
1555 3141 1651 3185 loco
1682 3141 1886 3187 debemus

45 3195 74 3252 .'
75 3226 264 3273 ammos
300 3227 534 3272 advertere.
602 3226 761 3271 Tribus
799 3231 942 3270 autem
979 3225 1064 3269 illis
1102 3225 1206 3269 viris
1243 3225 1372 3268 talem
1409 3238 1583 3282 operam
1620 3218 1885 3270 communem

59 3318 62 3346 ³
159 3345 232 3392 1)
248 3343 284 3382 1.
307 3343 345 3380 s
366 3345 504 3381 Assem.
527 3341 615 3380 bibl.
640 3353 694 3380 or.
713 3343 886 3380 manent.
900 3343 1062 3388 Vnam,
1079 3345 1153 3389 11>-
1169 3343 1227 3380 85.
1321 3341 1453 3386 subd
1467 3351 1504 3387 p.
1521 3340 1602 3385 362,
1619 3340 1653 3376 2.
1747 3338 1784 3383 3)
1809 3337 1886 3375 Ibd.

91 3411 209 3459 ζῇς.
286 3401 330 3450 4)
347 3400 425 3439 lbd.
449 3411 527 3449 cap-
550 3401 608 3438 60.
701 3401 739 3447 5)
763 3403 820 3438 De
841 3412 934 3446 novo
957 3406 1041 3440 test.
1065 3401 1114 3439 ad
1135 3412 1243 3439 vex-ss.
1268 3411 1339 3437 orr.
1354 3399 1415 3437 fid.
1431 3399 1487 3437 ed.
1503 3399 1600 3436 Berl.
1615 3397 1707 3435 1857
1725 3409 1760 3444 p.
1777 3397 1800 3434 3
1816 3397 1877 3435 inf.

359 3458 545 3507 Abhtndl.
638 3458 677 3507 6)
697 3459 780 3499 Ass.
803 3459 870 3504 m,
893 3461 915 3496 1
939 3469 1017 3507 cap.
1040 3458 1115 3501 5⁷
1194 3459 1231 3504 7)
1256 3458 1340 3505 Gap.
1363 3457 1421 3495 59.
1510 3457 1549 3504 8)
1572 3456 1658 3504 Gap.
1682 3455 1740 3493 98.
