2332 3756
369 282 435 326 VI

374 401 583 446 monitum
619 417 711 445 esse
742 402 855 454 volo,
888 417 942 444 ne
975 402 1069 458 quis
1102 399 1244 458 aliqua
1275 400 1401 443 modo
1432 407 1550 459 parte
1581 402 1820 445 absolutum
1853 401 1954 460 quid
1982 418 2051 445 me
2082 417 2174 447 esse

369 484 684 544 propositurum
715 490 948 542 exspectet.
1011 483 1125 526 Nam
1167 498 1264 526 cum
1295 483 1466 526 codices
1496 499 1626 527 manu
1657 484 1802 542 scripti
1832 484 1987 542 quibus
2017 485 2062 529 in
2091 486 2174 529 hac

369 569 476 612 urbe
506 583 575 611 me
606 567 669 610 uti
699 567 867 619 licebat,
900 567 1124 610 materiem
1156 581 1243 608 non
1274 566 1526 623 praeberent
1556 566 1784 624 integram,
1818 567 1892 611 sed
1923 567 2173 619 mutilatam,

367 666 509 710 neque
538 650 640 715 mihi
673 650 796 708 copia
829 656 962 705 esset,
1004 665 1114 708 quae
1148 649 1424 704 deficiebant,
1468 649 1638 693 aliunde
1670 651 1918 708 supplendi,
1955 651 2174 709 complura

371 734 587 787 inchoavi,
628 733 790 792 perfeci
820 733 937 776 nihil.
998 733 1051 777 In
1087 732 1267 776 edendis
1307 738 1451 775 autem
1482 733 1673 777 textibus
1695 732 1884 792 Syriacis
1908 734 2012 777 mihi
2044 749 2172 778 curae

369 824 484 870 erat,
529 824 577 860 ut
609 833 718 876 quae
761 817 898 860 codex
930 817 1080 869 dabat,
1120 822 1320 859 accurate
1364 816 1631 871 exhiberem,
1674 817 2038 862 emendationibus
2069 824 2174 876 quot

368 901 547 945 idoneae
578 900 825 943 viderentur
871 900 913 942 in
954 899 1149 957 margine
1193 900 1402 958 sepositis.
1465 900 1517 943 In
1558 900 1812 958 quibusdam
1846 916 1914 943 me
1945 906 2071 959 typos
2101 900 2170 943 de·

369 984 494 1028 ficere
526 983 672 1027 solitos
712 999 803 1026 esse
844 998 973 1039 aegre
1004 983 1212 1026 ferebam.
1276 983 1315 1026 E
1348 983 1502 1041 quibus
1534 999 1664 1027 unum
1702 984 1784 1026 hoc
1817 965 2018 1042 designo,
2058 983 2172 1048 quod

368 1067 412 1110 in
436 1066 737 1111 Carschunicis
769 1082 811 1124 p.
841 1066 919 1109 147
953 1066 1100 1109 literae
1132 1068 1274 1124 gama]
1306 1067 1468 1124 figurae
1501 1067 1699 1110 lincolam
1724 1082 1808 1109 non
1842 1073 1941 1125 apte
1973 1066 2172 1110 inducere

369 1158 543 1194 coactus
575 1166 682 1204 sum,
717 1165 1002 1208 superponere
1034 1155 1175 1193 autem
1207 1150 1538 1193 consonantibus
1571 1168 1595 1191 α
1629 1158 1674 1192 et
1706 1169 1740 1205 ε,
1775 1150 1931 1208 quibus
1958 1149 2171 1193 vocalium

369 1231 844 1289 Graeco-Syriacarum
878 1233 1094 1276 defectum
1135 1234 1389 1291 supplerem.
1452 1233 1501 1275 In
1534 1235 1773 1291 fragmento
1805 1233 1993 1276 Arabico
2025 1249 2066 1291 p.
2099 1233 2169 1288 55,

369 1333 467 1361 cum
499 1316 663 1373 vulgari
697 1331 888 1359 sermone
922 1315 1123 1374 scriptum
1156 1323 1283 1371 esset,
1317 1315 1439 1359 omisi
1471 1317 1640 1360 vocales
1672 1316 1820 1360 finales
1853 1332 1958 1374 quas
1984 1314 2170 1359 secunda

365 1401 454 1443 fere
487 1414 636 1443 manus
658 1397 755 1455 Syri
777 1398 955 1456 pristina
986 1398 1134 1457 lingua
1160 1414 1310 1457 parum
1341 1399 1454 1442 docti
1486 1399 1696 1442 interdum
1728 1399 1958 1442 adiecerat.
2011 1396 2171 1442 Contra

366 1482 575 1526 addebam
606 1496 911 1539 nonnunquam
943 1482 1118 1525 vocales
1150 1482 1333 1533 medias,
1372 1482 1675 1539 geminationis
1708 1482 1874 1540 signum
1908 1498 1933 1525 a
1965 1481 2168 1540 scriptore

367 1563 475 1622 Syro
511 1570 755 1607 constanter
786 1565 1060 1620 neglectum,
1105 1571 1264 1621 puncta
1296 1564 1536 1623 diacritica‚
1572 1564 1655 1607 nisi
1688 1564 1801 1623 quod
1831 1563 1988 1606 retinui
2020 1578 2168 1606 secun-

368 1647 469 1690 dum
511 1646 702 1689 codicem
734 1660 761 1691 ο
793 1662 867 1703 pro
899 1652 944 1698 ὠ,
985 1662 1007 1689 e
1049 1647 1227 1690 dialecto
1275 1648 1385 1691 hanc
1425 1647 1700 1705 scriptionem
1739 1646 2034 1706 explicandam
2075 1659 2167 1688 esse

366 1741 618 1799 suspicatus.
688 1740 780 1782 Iam
828 1756 929 1784 vero
970 1741 1189 1783 nominum
1228 1741 1548 1799 peregrinorum
1593 1741 1864 1799 scriptionem
1906 1746 2069 1783 mutare
2106 1739 2167 1782 fa-

369 1823 488 1867 cilius
520 1822 763 1866 iudicabam
795 1839 921 1881 quam
954 1824 1242 1867 emendatius:
1290 1825 1405 1882 prius
1448 1825 1563 1868 enim
1596 1841 1687 1867 esse
1719 1823 2028 1882 dispiciendum
2059 1836 2168 1880 quae

367 1907 522 1965 cuique
554 1905 682 1949 aetati
714 1906 1003 1963 pronuntiatio
1035 1906 1259 1950 tribuenda
1291 1914 1416 1952 esset.

483 1989 545 2032 Ut
575 1995 772 2031 accurate
809 1985 1063 2046 cognovisse
1095 1990 1233 2034 varias
1264 1997 1306 2033 et
1344 1991 1532 2035 diversas
1560 1991 1746 2034 rationes
1786 1989 1938 2048 quibus
1971 1987 2167 2032 Graecae

363 2072 540 2131 phrases
572 2078 616 2114 et
648 2073 987 2116 constructiones
1022 2072 1199 2130 Syriace
1231 2090 1378 2118 versae
1410 2075 1514 2126 sint,
1556 2088 1732 2117 necesse
1775 2079 1839 2115 est
1876 2071 1930 2115 ad
1961 2071 2165 2114 definien-

364 2155 465 2198 dum
505 2154 610 2212 quid
647 2156 920 2198 translatores
962 2172 1131 2214 quoque
1169 2156 1414 2200 Aristotelis
1452 2159 1545 2200 loco
1593 2157 1794 2214 legerint,
1842 2155 1901 2198 ita
1939 2154 2164 2213 plurimum

363 2238 528 2281 iuvabit
577 2238 630 2280 ad
677 2238 1015 2296 intellegendam
1054 2240 1365 2298 philosophiam
1405 2239 1607 2297 Syrorum
1646 2239 1836 2283 Arabum
1896 2237 2164 2291 Iudaeorum,

364 2321 400 2364 si
441 2321 607 2363 lexicon
650 2322 867 2365 conditum
900 2323 997 2374 crit,
1040 2339 1123 2381 quo
1164 2323 1284 2366 iuxta
1324 2330 1552 2385 prototypa
1590 2338 1787 2380 quaeque
1827 2320 1998 2365 Graeca
2035 2321 2163 2364 collo-

364 2404 449 2447 cati
491 2410 532 2446 et
579 2403 815 2447 secundum
863 2412 1054 2464 tempora
1093 2406 1286 2464 dispositi
1330 2407 1625 2449 contineantur
1670 2404 1951 2463 philosophici
1997 2404 2163 2447 illorum

363 2486 613 2544 populorum
653 2487 836 2531 termini.
906 2488 957 2532 In
997 2488 1073 2532 tali
1112 2489 1221 2532 libro
1262 2489 1463 2532 continuo
1506 2489 1743 2547 conspicias
1781 2488 1896 2532 viam
1935 2493 2062 2545 atque
2095 2501 2161 2529 ra-

363 2569 523 2612 tionem
556 2569 739 2612 similem
771 2577 813 2612 et
844 2573 1084 2628 analogam,
1118 2587 1204 2629 qua
1226 2571 1410 2615 Graecis
1442 2571 1683 2616 doctoribus
1714 2571 1908 2615 nationes
1931 2569 2161 2614 Semiticae

363 2668 389 2696 a
419 2651 594 2695 rudibus
624 2653 851 2696 verborum
883 2653 1267 2711 significationibus
1298 2655 1351 2698 ad
1381 2655 1577 2698 notiones
1609 2654 1903 2699 subtilissimas
1933 2658 2162 2711 provectae

365 2734 468 2791 sint3
511 2749 594 2778 nec
623 2735 706 2778 hoc
739 2737 896 2792 solum,
938 2738 1012 2781 sed
1052 2739 1181 2782 etiam
1227 2744 1276 2781 ut
1312 2754 1338 2781 a
1370 2737 1554 2782 Graecis
1592 2737 1857 2782 declinantes
1895 2742 2162 2794 receptarum

362 2817 584 2860 notionum
617 2818 813 2863 acumina
843 2820 1048 2878 paulatim
1081 2821 1292 2876 auxerint,
1325 2821 1708 2879 distinctionesque
1738 2835 1873 2863 novas
1903 2817 2158 2862 invenerint.

364 2898 497 2943 Cuius
528 2900 669 2958 operis
690 2900 831 2958 imago
864 2918 960 2946 cum
992 2903 1036 2946 in
1066 2903 1253 2947 animum
1286 2919 1432 2947 meum
1454 2902 1689 2962 irrupisset,
1721 2917 1802 2960 ego
1829 2907 1975 2945 tamen
1997 2901 2160 2958 glossa-

361 2982 472 3026 rium
502 2982 603 3026 huic
642 2982 790 3027 libello
828 2999 914 3028 non
955 2986 1095 3039 iunxi,
1136 3001 1221 3044 quo
1252 3002 1324 3030 me
1354 2985 1452 3028 talis
1481 2984 1676 3042 tantique
1710 2982 1860 3042 negoti
1890 2989 2055 3042 partem
2086 2984 2158 3029 ab·

362 3064 546 3109 solvisse
583 3071 801 3123 putarem,
850 3066 927 3110 sed
965 3067 1079 3126 quod
1117 3068 1277 3127 aliquid
1313 3069 1532 3128 profutura
1577 3082 1672 3133 esse
1711 3081 1822 3125 quae
1867 3080 2027 3124 magna
2061 3081 2189 3132 mea,

360 3146 544 3191 utilitate
582 3146 639 3190 ad
678 3148 761 3191 hoc
799 3149 984 3193 studium
1025 3151 1216 3210 undique
1259 3153 1540 3211 collegeram,
1580 3149 1711 3195 etiam
1741 3148 1784 3193 ei
1813 3147 2054 3208 sperabam,
2082 3135 2179 3209 qfii

359 3227 522 3275 Oxonii
544 3229 796 3274 thesaurum
824 3229 1048 3289 Syriacum
1075 3233 1274 3278 recludit.
2102 3214 2108 3220 -

323 3408 466 3502 prae
496 3408 568 3438 me
598 3395 735 3440 feram
763 3395 966 3442 eximiam
992 3397 1298 3444 liberalitatem
1326 3397 1403 3459 qui
1429 3397 1480 3444 in
1492 3395 1588 3490 hoc
1614 3412 1688 3443 me
1725 3412 1859 3458 opere
1889 3393 2034 3466 admff
2096 3405 2097 3408 ¹

511 3311 607 3357 Iam
636 3318 783 3357 autem
811 3314 940 3358 venio
971 3315 1026 3359 ad
1054 3315 1122 3370 id,
1154 3315 1270 3376 quod
1298 3315 1404 3360 mihi
1433 3313 1786 3360 iucundissimum
1815 3319 1904 3371 est,
1932 3318 1997 3372 ut·
2007 3319 2162 3377 eornm
2204 3298 2246 3380 ·
2259 3302 2269 3362 Ῐ
2324 3331 2326 3338 “
